<?xml version="1.0" encoding="UTF-8"?>
<!DOCTYPE html PUBLIC "-//W3C//DTD XHTML 1.0 Transitional//EN"
    "http://www.w3.org/TR/xhtml1/DTD/xhtml1-transitional.dtd">
<html xmlns="http://www.w3.org/1999/xhtml" xml:lang="en" lang="en">
 <head>
  <title>
</title>
<meta http-equiv="Content-Type" content="text/html;charset=utf-8" />
  <meta name='ocr-system' content='tesseract 3.04.00' />
  <meta name='ocr-capabilities' content='ocr_page ocr_carea ocr_par ocr_line ocrx_word'/>
</head>
<body>
  <div class='ocr_page' id='page_1' title='image "./lexicontechnolo01ernegoog_0329.png"; bbox 0 0 3534 5375; ppageno 0'>
   <div class='ocr_carea' id='block_1_1' title="bbox 691 437 850 481">
    <p class='ocr_par' dir='ltr' id='par_1_1' title="bbox 691 437 850 481">
     <span class='ocr_line' id='line_1_1' title="bbox 691 437 850 481; baseline 0 -3"><span class='ocrx_word' id='word_1_1' title='bbox 691 437 736 453; x_wconf 75' lang='grc'>’“</span> <span class='ocrx_word' id='word_1_2' title='bbox 801 442 850 481; x_wconf 80' lang='lat' dir='ltr'>,l</span> 
     </span>
    </p>
   </div>
   <div class='ocr_carea' id='block_1_2' title="bbox 795 583 1378 689">
    <p class='ocr_par' dir='ltr' id='par_1_2' title="bbox 795 583 1378 689">
     <span class='ocr_line' id='line_1_2' title="bbox 795 583 1378 689; baseline -0.005 -26"><span class='ocrx_word' id='word_1_3' title='bbox 795 592 962 664; x_wconf 37' lang='lat' dir='ltr'>PL‘E</span> <span class='ocrx_word' id='word_1_4' title='bbox 1215 583 1241 689; x_wconf 13' lang='grc' dir='ltr'>Γ</span> <span class='ocrx_word' id='word_1_5' title='bbox 1302 616 1378 689; x_wconf 76' lang='lat'>&#39;291</span> 
     </span>
    </p>
   </div>
   <div class='ocr_carea' id='block_1_3' title="bbox 377 762 1381 1108">
    <p class='ocr_par' dir='ltr' id='par_1_3' title="bbox 377 762 1381 1108">
     <span class='ocr_line' id='line_1_3' title="bbox 377 762 1381 858; baseline 0.006 -24"><span class='ocrx_word' id='word_1_6' title='bbox 377 769 541 834; x_wconf 81' lang='lat' dir='ltr'>laudantes</span> <span class='ocrx_word' id='word_1_7' title='bbox 554 768 670 850; x_wconf 54' lang='lat' dir='ltr'>&gt;potius</span> <span class='ocrx_word' id='word_1_8' title='bbox 691 775 724 830; x_wconf 89' lang='lat' dir='ltr'>et</span> <span class='ocrx_word' id='word_1_9' title='bbox 742 767 1002 830; x_wconf 67' lang='lat' dir='ltr'>commendantes</span> <span class='ocrx_word' id='word_1_10' title='bbox 1021 762 1173 832; x_wconf 80' lang='lat' dir='ltr'>linearum</span> <span class='ocrx_word' id='word_1_11' title='bbox 1195 777 1230 834; x_wconf 88' lang='lat' dir='ltr'>et</span> <span class='ocrx_word' id='word_1_12' title='bbox 1250 764 1381 858; x_wconf 71' lang='lat' dir='ltr'>elegana</span> 
     </span>
     <span class='ocr_line' id='line_1_4' title="bbox 378 855 1381 935; baseline 0.005 -14"><span class='ocrx_word' id='word_1_13' title='bbox 378 858 531 921; x_wconf 82' lang='lat' dir='ltr'>iudicium</span> <span class='ocrx_word' id='word_1_14' title='bbox 549 857 750 927; x_wconf 82' lang='lat' dir='ltr'>Atticorum,</span> <span class='ocrx_word' id='word_1_15' title='bbox 778 872 913 935; x_wconf 90' lang='lat' dir='ltr'>quorum</span> <span class='ocrx_word' id='word_1_16' title='bbox 940 872 1032 917; x_wconf 85' lang='lat' dir='ltr'>aures</span> <span class='ocrx_word' id='word_1_17' title='bbox 1055 855 1097 915; x_wconf 89' lang='lat' dir='ltr'>ita</span> <span class='ocrx_word' id='word_1_18' title='bbox 1116 865 1233 919; x_wconf 86' lang='lat' dir='ltr'>teretes</span> <span class='ocrx_word' id='word_1_19' title='bbox 1255 868 1287 922; x_wconf 90' lang='lat' dir='ltr'>et</span> <span class='ocrx_word' id='word_1_20' title='bbox 1306 863 1381 926; x_wconf 90' lang='lat' dir='ltr'>reli-</span> 
     </span>
     <span class='ocr_line' id='line_1_5' title="bbox 379 937 1380 1025; baseline -0.006 -19"><span class='ocrx_word' id='word_1_21' title='bbox 379 941 486 1025; x_wconf 79' lang='lat' dir='ltr'>giosae</span> <span class='ocrx_word' id='word_1_22' title='bbox 507 937 621 1016; x_wconf 85' lang='lat' dir='ltr'>essent,</span> <span class='ocrx_word' id='word_1_23' title='bbox 643 951 693 1011; x_wconf 85' lang='lat' dir='ltr'>vt,</span> <span class='ocrx_word' id='word_1_24' title='bbox 717 939 771 1021; x_wconf 90' lang='lat' dir='ltr'>qui</span> <span class='ocrx_word' id='word_1_25' title='bbox 791 950 900 1002; x_wconf 85' lang='lat' dir='ltr'>orator</span> <span class='ocrx_word' id='word_1_26' title='bbox 919 939 969 1002; x_wconf 89' lang='lat' dir='ltr'>his</span> <span class='ocrx_word' id='word_1_27' title='bbox 992 941 1117 1021; x_wconf 87' lang='lat' dir='ltr'>placere</span> <span class='ocrx_word' id='word_1_28' title='bbox 1136 952 1284 1023; x_wconf 88' lang='lat' dir='ltr'>cuperet,</span> <span class='ocrx_word' id='word_1_29' title='bbox 1311 947 1380 1012; x_wconf 86' lang='lat' dir='ltr'>nul.</span> 
     </span>
     <span class='ocr_line' id='line_1_6' title="bbox 377 1024 1381 1108; baseline 0.006 -16"><span class='ocrx_word' id='word_1_30' title='bbox 377 1029 446 1092; x_wconf 89' lang='lat' dir='ltr'>l&#39;um</span> <span class='ocrx_word' id='word_1_31' title='bbox 468 1026 597 1090; x_wconf 87' lang='lat' dir='ltr'>verbum</span> <span class='ocrx_word' id='word_1_32' title='bbox 619 1024 774 1107; x_wconf 80' lang='lat' dir='ltr'>insolens,</span> <span class='ocrx_word' id='word_1_33' title='bbox 796 1024 919 1089; x_wconf 89' lang='lat' dir='ltr'>nullum</span> <span class='ocrx_word' id='word_1_34' title='bbox 941 1024 1085 1089; x_wconf 88' lang='lat' dir='ltr'>odiosum</span> <span class='ocrx_word' id='word_1_35' title='bbox 1102 1043 1223 1108; x_wconf 88' lang='lat' dir='ltr'>ponere</span> <span class='ocrx_word' id='word_1_36' title='bbox 1242 1032 1381 1099; x_wconf 78' lang='lat' dir='ltr'><strong>auderet.</strong></span> 
     </span>
    </p>
   </div>
   <div class='ocr_carea' id='block_1_4' title="bbox 378 1091 1542 1365">
    <p class='ocr_par' dir='ltr' id='par_1_4' title="bbox 378 1091 1542 1365">
     <span class='ocr_line' id='line_1_7' title="bbox 378 1091 1542 1197; baseline -0.008 -18"><span class='ocrx_word' id='word_1_37' title='bbox 378 1112 447 1195; x_wconf 87' lang='lat' dir='ltr'>Ipse</span> <span class='ocrx_word' id='word_1_38' title='bbox 467 1110 672 1186; x_wconf 79' lang='lat' dir='ltr'>Aristoteles,</span> <span class='ocrx_word' id='word_1_39' title='bbox 700 1112 790 1175; x_wconf 88' lang='lat' dir='ltr'>cuius</span> <span class='ocrx_word' id='word_1_40' title='bbox 811 1112 918 1175; x_wconf 87' lang='lat' dir='ltr'>omnis</span> <span class='ocrx_word' id='word_1_41' title='bbox 943 1110 1105 1194; x_wconf 81' lang='lat' dir='ltr'>disciplina</span> <span class='ocrx_word' id='word_1_42' title='bbox 1132 1110 1289 1185; x_wconf 76' lang='lat' dir='ltr'>rhetorica</span> <span class='ocrx_word' id='word_1_43' title='bbox 1323 1116 1380 1184; x_wconf 85' lang='lat' dir='ltr'>ho.</span> <span class='ocrx_word' id='word_1_44' title='bbox 1486 1114 1497 1197; x_wconf 48' lang='lat' dir='ltr'>J</span> <span class='ocrx_word' id='word_1_45' title='bbox 1539 1091 1542 1099; x_wconf 41' lang='lat'>¹</span> 
     </span>
     <span class='ocr_line' id='line_1_8' title="bbox 378 1194 1499 1281; baseline -0.003 -20"><span class='ocrx_word' id='word_1_46' title='bbox 378 1200 474 1262; x_wconf 88' lang='lat' dir='ltr'>minis</span> <span class='ocrx_word' id='word_1_47' title='bbox 494 1197 538 1262; x_wconf 87' lang='lat' dir='ltr'>est</span> <span class='ocrx_word' id='word_1_48' title='bbox 557 1198 663 1261; x_wconf 87' lang='lat' dir='ltr'>rerum</span> <span class='ocrx_word' id='word_1_49' title='bbox 685 1199 786 1280; x_wconf 81' lang='lat' dir='ltr'>magia</span> <span class='ocrx_word' id='word_1_50' title='bbox 807 1200 972 1261; x_wconf 83' lang='lat' dir='ltr'>veritatem</span> <span class='ocrx_word' id='word_1_51' title='bbox 999 1207 1033 1259; x_wconf 88' lang='lat' dir='ltr'>et</span> <span class='ocrx_word' id='word_1_52' title='bbox 1059 1194 1172 1278; x_wconf 80' lang='lat' dir='ltr'>fidem,</span> <span class='ocrx_word' id='word_1_53' title='bbox 1201 1215 1293 1281; x_wconf 89' lang='lat' dir='ltr'>quam</span> <span class='ocrx_word' id='word_1_54' title='bbox 1315 1222 1383 1267; x_wconf 89' lang='lat' dir='ltr'>ver.</span> <span class='ocrx_word' id='word_1_55' title='bbox 1489 1220 1499 1255; x_wconf 73' lang='grc' dir='ltr'><strong>ι</strong></span> 
     </span>
     <span class='ocr_line' id='line_1_9' title="bbox 378 1283 1512 1365; baseline -0.004 -16"><span class='ocrx_word' id='word_1_56' title='bbox 378 1284 494 1349; x_wconf 91' lang='lat' dir='ltr'>borum</span> <span class='ocrx_word' id='word_1_57' title='bbox 512 1284 765 1365; x_wconf 69' lang='lat' dir='ltr'>elocutioniaque</span> <span class='ocrx_word' id='word_1_58' title='bbox 792 1291 940 1348; x_wconf 89' lang='lat' dir='ltr'>ornatum</span> <span class='ocrx_word' id='word_1_59' title='bbox 967 1283 1121 1352; x_wconf 85' lang='lat' dir='ltr'>curantis,</span> <span class='ocrx_word' id='word_1_60' title='bbox 1164 1291 1198 1345; x_wconf 88' lang='lat' dir='ltr'>et</span> <span class='ocrx_word' id='word_1_61' title='bbox 1222 1304 1384 1352; x_wconf 82' lang='lat' dir='ltr'>commen.</span> <span class='ocrx_word' id='word_1_62' title='bbox 1493 1287 1512 1359; x_wconf 67' lang='lat' dir='ltr'><em>j</em></span> 
     </span>
    </p>
   </div>
   <div class='ocr_carea' id='block_1_5' title="bbox 368 1361 1383 1537">
    <p class='ocr_par' dir='ltr' id='par_1_5' title="bbox 368 1361 1383 1537">
     <span class='ocr_line' id='line_1_10' title="bbox 368 1361 1383 1452; baseline 0.002 -20"><span class='ocrx_word' id='word_1_63' title='bbox 368 1370 605 1445; x_wconf 83' lang='lat' dir='ltr'>·dantis,-Libr.</span> <span class='ocrx_word' id='word_1_64' title='bbox 629 1387 658 1449; x_wconf 86' lang='lat'>3.</span> <span class='ocrx_word' id='word_1_65' title='bbox 684 1369 785 1432; x_wconf 71' lang='lat' dir='ltr'>libet.v</span> <span class='ocrx_word' id='word_1_66' title='bbox 799 1368 875 1450; x_wconf 87' lang='lat' dir='ltr'>Cap.</span> <span class='ocrx_word' id='word_1_67' title='bbox 894 1385 923 1430; x_wconf 83' lang='lat' dir='ltr'>a.</span> <span class='ocrx_word' id='word_1_68' title='bbox 950 1361 1077 1440; x_wconf 69' lang='grc' dir='ltr'>κάλος,</span> <span class='ocrx_word' id='word_1_69' title='bbox 1108 1369 1210 1452; x_wconf 85' lang='lat' dir='ltr'>inquit</span> <span class='ocrx_word' id='word_1_70' title='bbox 1238 1362 1383 1451; x_wconf 68' lang='grc' dir='ltr'>ὀνόματος</span> 
     </span>
     <span class='ocr_line' id='line_1_11' title="bbox 379 1438 1383 1537; baseline 0.005 -19"><span class='ocrx_word' id='word_1_71' title='bbox 379 1450 627 1534; x_wconf 63' lang='lat' dir='ltr'>repensante</span> <span class='ocrx_word' id='word_1_72' title='bbox 646 1440 821 1536; x_wconf 53' lang='lat' dir='ltr'>*bibulani</span> <span class='ocrx_word' id='word_1_73' title='bbox 838 1454 880 1537; x_wconf 74' lang='grc' dir='ltr'>τῷ</span> <span class='ocrx_word' id='word_1_74' title='bbox 900 1449 1122 1537; x_wconf 68' lang='grc' dir='ltr'>σημαινομένῳ,</span> <span class='ocrx_word' id='word_1_75' title='bbox 1138 1446 1193 1537; x_wconf 65' lang='lat' dir='ltr'>¹arar)</span> <span class='ocrx_word' id='word_1_76' title='bbox 1212 1438 1322 1537; x_wconf 61' lang='grc' dir='ltr'><strong><em>αἶσχος</em></strong></span> <span class='ocrx_word' id='word_1_77' title='bbox 1350 1460 1383 1525; x_wconf 81' lang='lat' dir='ltr'>dd</span> 
     </span>
    </p>
   </div>
   <div class='ocr_carea' id='block_1_6' title="bbox 379 1532 1530 1625">
    <p class='ocr_par' dir='ltr' id='par_1_6' title="bbox 379 1532 1530 1625">
     <span class='ocr_line' id='line_1_12' title="bbox 379 1532 1530 1625; baseline -0.002 -20"><span class='ocrx_word' id='word_1_78' title='bbox 379 1536 528 1618; x_wconf 60' lang='lat' dir='ltr'>ababuc,</span> <span class='ocrx_word' id='word_1_79' title='bbox 569 1552 602 1604; x_wconf 90' lang='lat' dir='ltr'>et</span> <span class='ocrx_word' id='word_1_80' title='bbox 624 1561 699 1604; x_wconf 82' lang='lat' dir='ltr'>mox</span> <span class='ocrx_word' id='word_1_81' title='bbox 717 1533 759 1601; x_wconf 62' lang='lat' dir='ltr'>aa*</span> <span class='ocrx_word' id='word_1_82' title='bbox 779 1534 870 1602; x_wconf 64' lang='lat' dir='ltr'>aeta·</span> <span class='ocrx_word' id='word_1_83' title='bbox 884 1560 950 1604; x_wconf 90' lang='lat' dir='ltr'>non</span> <span class='ocrx_word' id='word_1_84' title='bbox 972 1541 1070 1605; x_wconf 91' lang='lat' dir='ltr'>modo</span> <span class='ocrx_word' id='word_1_85' title='bbox 1092 1537 1130 1625; x_wconf 63' lang='grc' dir='ltr'>τῇ</span> <span class='ocrx_word' id='word_1_86' title='bbox 1150 1532 1287 1616; x_wconf 65' lang='lat' dir='ltr'>madae,</span> <span class='ocrx_word' id='word_1_87' title='bbox 1331 1545 1384 1613; x_wconf 83' lang='lat' dir='ltr'>sed</span> <span class='ocrx_word' id='word_1_88' title='bbox 1505 1541 1530 1595; x_wconf 69' lang='lat' dir='ltr'>ff</span> 
     </span>
    </p>
   </div>
   <div class='ocr_carea' id='block_1_7' title="bbox 379 1624 1384 1715">
    <p class='ocr_par' dir='ltr' id='par_1_7' title="bbox 379 1624 1384 1715">
     <span class='ocr_line' id='line_1_13' title="bbox 379 1624 1384 1715; baseline 0.007 -24"><span class='ocrx_word' id='word_1_89' title='bbox 379 1632 474 1692; x_wconf 87' lang='lat' dir='ltr'>etiam</span> <span class='ocrx_word' id='word_1_90' title='bbox 493 1628 533 1715; x_wconf 69' lang='grc' dir='ltr'>τῇ</span> <span class='ocrx_word' id='word_1_91' title='bbox 551 1624 639 1711; x_wconf 66' lang='grc' dir='ltr'>φωνῇ</span> <span class='ocrx_word' id='word_1_92' title='bbox 659 1626 897 1689; x_wconf 77' lang='lat' dir='ltr'>commemorat.</span> <span class='ocrx_word' id='word_1_93' title='bbox 943 1629 1042 1710; x_wconf 81' lang='lat' dir='ltr'>Legat</span> <span class='ocrx_word' id='word_1_94' title='bbox 1061 1626 1217 1690; x_wconf 81' lang='lat' dir='ltr'>Demetrii</span> <span class='ocrx_word' id='word_1_95' title='bbox 1231 1629 1272 1690; x_wconf 87' lang='lat' dir='ltr'>de</span> <span class='ocrx_word' id='word_1_96' title='bbox 1292 1629 1384 1698; x_wconf 75' lang='lat' dir='ltr'>Eloc&#39;.</span> 
     </span>
    </p>
   </div>
   <div class='ocr_carea' id='block_1_8' title="bbox 381 1709 1521 1796">
    <p class='ocr_par' dir='ltr' id='par_1_8' title="bbox 381 1709 1521 1796">
     <span class='ocr_line' id='line_1_14' title="bbox 381 1709 1521 1796; baseline 0.004 -18"><span class='ocrx_word' id='word_1_97' title='bbox 381 1721 411 1791; x_wconf 75' lang='lat'>§-</span> <span class='ocrx_word' id='word_1_98' title='bbox 439 1733 507 1796; x_wconf 82' lang='lat'>¹73·</span> <span class='ocrx_word' id='word_1_99' title='bbox 531 1712 594 1795; x_wconf 87' lang='lat' dir='ltr'><strong>sqq.</strong></span> <span class='ocrx_word' id='word_1_100' title='bbox 622 1713 676 1795; x_wconf 88' lang='lat' dir='ltr'>qui</span> <span class='ocrx_word' id='word_1_101' title='bbox 699 1709 840 1774; x_wconf 85' lang='lat' dir='ltr'>Graecos</span> <span class='ocrx_word' id='word_1_102' title='bbox 867 1711 987 1776; x_wconf 90' lang='lat' dir='ltr'>dubitat</span> <span class='ocrx_word' id='word_1_103' title='bbox 1013 1713 1182 1775; x_wconf 87' lang='lat' dir='ltr'>verborum</span> <span class='ocrx_word' id='word_1_104' title='bbox 1200 1712 1385 1794; x_wconf 90' lang='lat' dir='ltr'>pulcritudi·</span> <span class='ocrx_word' id='word_1_105' title='bbox 1438 1747 1441 1750; x_wconf 44' lang='grc'>“</span> <span class='ocrx_word' id='word_1_106' title='bbox 1516 1771 1521 1783; x_wconf 83' lang='grc'>.</span> 
     </span>
    </p>
   </div>
   <div class='ocr_carea' id='block_1_9' title="bbox 381 1795 1385 1881">
    <p class='ocr_par' dir='ltr' id='par_1_9' title="bbox 381 1795 1385 1881">
     <span class='ocr_line' id='line_1_15' title="bbox 381 1795 1385 1881; baseline 0.001 -15"><span class='ocrx_word' id='word_1_107' title='bbox 381 1821 456 1866; x_wconf 87' lang='lat' dir='ltr'>nem</span> <span class='ocrx_word' id='word_1_108' title='bbox 479 1819 546 1862; x_wconf 89' lang='lat' dir='ltr'>non</span> <span class='ocrx_word' id='word_1_109' title='bbox 561 1797 625 1862; x_wconf 86' lang='lat' dir='ltr'>sola</span> <span class='ocrx_word' id='word_1_110' title='bbox 645 1795 883 1880; x_wconf 75' lang='lat' dir='ltr'>significationis</span> <span class='ocrx_word' id='word_1_111' title='bbox 902 1799 1057 1881; x_wconf 80' lang='lat' dir='ltr'>dignitate</span> <span class='ocrx_word' id='word_1_112' title='bbox 1078 1806 1111 1860; x_wconf 88' lang='lat' dir='ltr'>et</span> <span class='ocrx_word' id='word_1_113' title='bbox 1124 1796 1305 1876; x_wconf 84' lang='lat' dir='ltr'>honestate,</span> <span class='ocrx_word' id='word_1_114' title='bbox 1331 1800 1385 1868; x_wconf 82' lang='lat' dir='ltr'>sed</span> 
     </span>
    </p>
   </div>
   <div class='ocr_carea' id='block_1_10' title="bbox 382 1881 1498 1966">
    <p class='ocr_par' dir='ltr' id='par_1_10' title="bbox 382 1881 1498 1966">
     <span class='ocr_line' id='line_1_16' title="bbox 382 1881 1498 1966; baseline 0.005 -18"><span class='ocrx_word' id='word_1_115' title='bbox 382 1895 417 1948; x_wconf 89' lang='lat' dir='ltr'>et</span> <span class='ocrx_word' id='word_1_116' title='bbox 436 1886 537 1948; x_wconf 87' lang='lat' dir='ltr'>forma</span> <span class='ocrx_word' id='word_1_117' title='bbox 556 1892 590 1947; x_wconf 91' lang='lat' dir='ltr'>et</span> <span class='ocrx_word' id='word_1_118' title='bbox 607 1881 687 1948; x_wconf 87' lang='lat' dir='ltr'>sono</span> <span class='ocrx_word' id='word_1_119' title='bbox 709 1881 863 1948; x_wconf 79' lang='lat' dir='ltr'>iudicaffe.</span> <span class='ocrx_word' id='word_1_120' title='bbox 886 1885 995 1966; x_wconf 82' lang='lat' dir='ltr'>Neque</span> <span class='ocrx_word' id='word_1_121' title='bbox 1015 1902 1098 1947; x_wconf 86' lang='lat' dir='ltr'>vero·</span> <span class='ocrx_word' id='word_1_122' title='bbox 1115 1881 1179 1946; x_wconf 88' lang='lat' dir='ltr'>hoc</span> <span class='ocrx_word' id='word_1_123' title='bbox 1206 1885 1385 1954; x_wconf 87' lang='lat' dir='ltr'>mirandum</span> <span class='ocrx_word' id='word_1_124' title='bbox 1495 1904 1498 1909; x_wconf 84' lang='grc'><em>’</em></span> 
     </span>
    </p>
   </div>
   <div class='ocr_carea' id='block_1_11' title="bbox 381 1968 1448 2229">
    <p class='ocr_par' dir='ltr' id='par_1_11' title="bbox 381 1968 1448 2229">
     <span class='ocr_line' id='line_1_17' title="bbox 382 1968 1448 2054; baseline 0.002 -19"><span class='ocrx_word' id='word_1_125' title='bbox 382 1972 506 2036; x_wconf 87' lang='lat' dir='ltr'>videtur</span> <span class='ocrx_word' id='word_1_126' title='bbox 533 1973 568 2034; x_wconf 92' lang='lat' dir='ltr'>in</span> <span class='ocrx_word' id='word_1_127' title='bbox 596 1968 726 2034; x_wconf 88' lang='lat' dir='ltr'>Graecis</span> <span class='ocrx_word' id='word_1_128' title='bbox 759 1968 960 2045; x_wconf 84' lang='lat' dir='ltr'>hominibus,</span> <span class='ocrx_word' id='word_1_129' title='bbox 995 1969 1153 2052; x_wconf 87' lang='lat' dir='ltr'>quicum</span> <span class='ocrx_word' id='word_1_130' title='bbox 1184 1969 1385 2054; x_wconf 69' lang='lat' dir='ltr'><strong>eloquentiae</strong></span> <span class='ocrx_word' id='word_1_131' title='bbox 1443 2004 1448 2012; x_wconf 38' lang='lat'><em>³</em></span> 
     </span>
     <span class='ocr_line' id='line_1_18' title="bbox 381 2051 1386 2134; baseline -0.009 -12"><span class='ocrx_word' id='word_1_132' title='bbox 381 2057 486 2122; x_wconf 87' lang='lat' dir='ltr'>studio</span> <span class='ocrx_word' id='word_1_133' title='bbox 512 2065 545 2119; x_wconf 91' lang='lat' dir='ltr'>et</span> <span class='ocrx_word' id='word_1_134' title='bbox 570 2055 661 2119; x_wconf 84' lang='lat' dir='ltr'>omni</span> <span class='ocrx_word' id='word_1_135' title='bbox 688 2051 836 2119; x_wconf 58' lang='lat' dir='ltr'>dostrina*</span> <span class='ocrx_word' id='word_1_136' title='bbox 860 2053 990 2118; x_wconf 79' lang='lat' dir='ltr'>Musrces</span> <span class='ocrx_word' id='word_1_137' title='bbox 1014 2056 1109 2117; x_wconf 90' lang='lat' dir='ltr'>etiam</span> <span class='ocrx_word' id='word_1_138' title='bbox 1129 2051 1289 2134; x_wconf 79' lang='lat' dir='ltr'>scientiam</span> <span class='ocrx_word' id='word_1_139' title='bbox 1309 2078 1386 2124; x_wconf 92' lang='lat' dir='ltr'>con.</span> 
     </span>
     <span class='ocr_line' id='line_1_19' title="bbox 383 2137 1389 2229; baseline -0.002 -23"><span class='ocrx_word' id='word_1_140' title='bbox 383 2144 518 2225; x_wconf 85' lang='lat' dir='ltr'>iungere</span> <span class='ocrx_word' id='word_1_141' title='bbox 534 2139 692 2213; x_wconf 85' lang='lat' dir='ltr'>solebant,</span> <span class='ocrx_word' id='word_1_142' title='bbox 712 2154 746 2203; x_wconf 88' lang='lat' dir='ltr'>vt</span> <span class='ocrx_word' id='word_1_143' title='bbox 767 2161 808 2202; x_wconf 88' lang='lat' dir='ltr'>ne</span> <span class='ocrx_word' id='word_1_144' title='bbox 827 2138 939 2205; x_wconf 76' lang='lat' dir='ltr'>dottua</span> <span class='ocrx_word' id='word_1_145' title='bbox 965 2137 1093 2223; x_wconf 90' lang='lat' dir='ltr'>quidem</span> <span class='ocrx_word' id='word_1_146' title='bbox 1121 2137 1305 2217; x_wconf 83' lang='lat' dir='ltr'>haberetur,</span> <span class='ocrx_word' id='word_1_147' title='bbox 1334 2147 1389 2229; x_wconf 78' lang='lat' dir='ltr'>qul</span> 
     </span>
    </p>
   </div>
   <div class='ocr_carea' id='block_1_12' title="bbox 382 2214 1520 2397">
    <p class='ocr_par' dir='ltr' id='par_1_12' title="bbox 382 2214 1520 2397">
     <span class='ocr_line' id='line_1_20' title="bbox 382 2214 1520 2312; baseline 0.003 -20"><span class='ocrx_word' id='word_1_148' title='bbox 382 2228 517 2299; x_wconf 74' lang='lat' dir='ltr'>trunces</span> <span class='ocrx_word' id='word_1_149' title='bbox 543 2226 636 2310; x_wconf 89' lang='lat' dir='ltr'>plane</span> <span class='ocrx_word' id='word_1_150' title='bbox 660 2227 825 2308; x_wconf 86' lang='lat' dir='ltr'>imperitus&#39;</span> <span class='ocrx_word' id='word_1_151' title='bbox 855 2224 938 2288; x_wconf 80' lang='lat' dir='ltr'>eliet.</span> <span class='ocrx_word' id='word_1_152' title='bbox 993 2226 1098 2289; x_wconf 88' lang='lat' dir='ltr'>Huius</span> <span class='ocrx_word' id='word_1_153' title='bbox 1123 2228 1216 2289; x_wconf 83' lang='lat' dir='ltr'>enim</span> <span class='ocrx_word' id='word_1_154' title='bbox 1241 2214 1388 2312; x_wconf 78' lang='lat' dir='ltr'>cognitio</span> <span class='ocrx_word' id='word_1_155' title='bbox 1467 2275 1472 2283; x_wconf 75' lang='lat'><em>,</em></span> <span class='ocrx_word' id='word_1_156' title='bbox 1517 2264 1520 2272; x_wconf 85' lang='lat'><strong>·</strong></span> 
     </span>
     <span class='ocr_line' id='line_1_21' title="bbox 383 2309 1500 2397; baseline 0.003 -18"><span class='ocrx_word' id='word_1_157' title='bbox 383 2313 526 2390; x_wconf 79' lang='lat' dir='ltr'>etuias,</span> <span class='ocrx_word' id='word_1_158' title='bbox 564 2314 827 2397; x_wconf 79' lang='lat' dir='ltr'>quemadmodum</span> <span class='ocrx_word' id='word_1_159' title='bbox 853 2314 893 2374; x_wconf 88' lang='lat' dir='ltr'>ad</span> <span class='ocrx_word' id='word_1_160' title='bbox 922 2309 1025 2374; x_wconf 85' lang='lat' dir='ltr'>sensus</span> <span class='ocrx_word' id='word_1_161' title='bbox 1046 2311 1142 2374; x_wconf 88' lang='lat' dir='ltr'>animi</span> <span class='ocrx_word' id='word_1_162' title='bbox 1164 2312 1388 2394; x_wconf 76' lang='lat' dir='ltr'>emolliendus,</span> <span class='ocrx_word' id='word_1_163' title='bbox 1451 2323 1463 2383; x_wconf 70' lang='lat' dir='ltr'><em>f</em></span> <span class='ocrx_word' id='word_1_164' title='bbox 1490 2368 1500 2381; x_wconf 92' lang='lat'><strong>.</strong></span> 
     </span>
    </p>
   </div>
   <div class='ocr_carea' id='block_1_13' title="bbox 374 2397 1389 2571">
    <p class='ocr_par' dir='ltr' id='par_1_13' title="bbox 374 2397 1389 2571">
     <span class='ocr_line' id='line_1_22' title="bbox 374 2397 1389 2482; baseline 0 -17"><span class='ocrx_word' id='word_1_165' title='bbox 374 2412 419 2464; x_wconf 70' lang='lat' dir='ltr'>‘et</span> <span class='ocrx_word' id='word_1_166' title='bbox 445 2403 484 2464; x_wconf 86' lang='lat' dir='ltr'>ad</span> <span class='ocrx_word' id='word_1_167' title='bbox 514 2419 644 2463; x_wconf 90' lang='lat' dir='ltr'>omnem</span> <span class='ocrx_word' id='word_1_168' title='bbox 672 2418 775 2480; x_wconf 85' lang='lat' dir='ltr'>prope</span> <span class='ocrx_word' id='word_1_169' title='bbox 803 2397 1027 2461; x_wconf 81' lang='lat' dir='ltr'>humanitatem</span> <span class='ocrx_word' id='word_1_170' title='bbox 1049 2399 1082 2460; x_wconf 92' lang='lat' dir='ltr'>in</span> <span class='ocrx_word' id='word_1_171' title='bbox 1103 2398 1211 2462; x_wconf 86' lang='lat' dir='ltr'>animo</span> <span class='ocrx_word' id='word_1_172' title='bbox 1231 2399 1389 2482; x_wconf 86' lang='lat' dir='ltr'>explican-</span> 
     </span>
     <span class='ocr_line' id='line_1_23' title="bbox 376 2484 1388 2571; baseline 0.001 -20"><span class='ocrx_word' id='word_1_173' title='bbox 376 2489 457 2571; x_wconf 55' lang='lat' dir='ltr'>⁸dam</span> <span class='ocrx_word' id='word_1_174' title='bbox 477 2485 627 2560; x_wconf 85' lang='lat' dir='ltr'>summam</span> <span class='ocrx_word' id='word_1_175' title='bbox 647 2487 712 2548; x_wconf 87' lang='lat' dir='ltr'>vim</span> <span class='ocrx_word' id='word_1_176' title='bbox 729 2485 840 2563; x_wconf 86' lang='lat' dir='ltr'>habet,</span> <span class='ocrx_word' id='word_1_177' title='bbox 873 2485 920 2546; x_wconf 85' lang='lat' dir='ltr'>¹ita</span> <span class='ocrx_word' id='word_1_178' title='bbox 939 2492 1061 2548; x_wconf 89' lang='lat' dir='ltr'>tantum</span> <span class='ocrx_word' id='word_1_179' title='bbox 1081 2503 1207 2569; x_wconf 85' lang='lat' dir='ltr'>quoque</span> <span class='ocrx_word' id='word_1_180' title='bbox 1227 2484 1332 2549; x_wconf 84' lang='lat' dir='ltr'>velere</span> <span class='ocrx_word' id='word_1_181' title='bbox 1353 2489 1388 2552; x_wconf 86' lang='lat' dir='ltr'>in</span> 
     </span>
    </p>
   </div>
   <div class='ocr_carea' id='block_1_14' title="bbox 383 2563 1508 2741">
    <p class='ocr_par' dir='ltr' id='par_1_14' title="bbox 383 2563 1508 2741">
     <span class='ocr_line' id='line_1_24' title="bbox 384 2563 1505 2654; baseline 0.001 -17"><span class='ocrx_word' id='word_1_182' title='bbox 384 2574 533 2639; x_wconf 90' lang='lat' dir='ltr'>oratione</span> <span class='ocrx_word' id='word_1_183' title='bbox 552 2568 781 2636; x_wconf 83' lang='lat' dir='ltr'>conformanda</span> <span class='ocrx_word' id='word_1_184' title='bbox 802 2580 835 2633; x_wconf 90' lang='lat' dir='ltr'>et</span> <span class='ocrx_word' id='word_1_185' title='bbox 862 2570 895 2632; x_wconf 90' lang='lat' dir='ltr'>in</span> <span class='ocrx_word' id='word_1_186' title='bbox 915 2567 1011 2635; x_wconf 89' lang='lat' dir='ltr'>omni</span> <span class='ocrx_word' id='word_1_187' title='bbox 1022 2568 1201 2654; x_wconf 86' lang='lat' dir='ltr'>eloquentia</span> <span class='ocrx_word' id='word_1_188' title='bbox 1222 2571 1391 2639; x_wconf 71' lang='lat' dir='ltr'>existimati</span> <span class='ocrx_word' id='word_1_189' title='bbox 1503 2563 1505 2567; x_wconf 39' lang='lat'><strong>¹</strong></span> 
     </span>
     <span class='ocr_line' id='line_1_25' title="bbox 383 2655 1508 2741; baseline -0.001 -17"><span class='ocrx_word' id='word_1_190' title='bbox 383 2658 496 2734; x_wconf 75' lang='lat' dir='ltr'>debet,</span> <span class='ocrx_word' id='word_1_191' title='bbox 516 2666 580 2731; x_wconf 71' lang='lat' dir='ltr'>¹vt‘,</span> <span class='ocrx_word' id='word_1_192' title='bbox 612 2655 640 2726; x_wconf 73' lang='lat' dir='ltr'>fi.</span> <span class='ocrx_word' id='word_1_193' title='bbox 657 2676 750 2739; x_wconf 89' lang='lat' dir='ltr'>quem</span> <span class='ocrx_word' id='word_1_194' title='bbox 774 2659 1023 2741; x_wconf 81' lang='lat' dir='ltr'>cognouerimua</span> <span class='ocrx_word' id='word_1_195' title='bbox 1044 2655 1083 2719; x_wconf 80' lang='lat' dir='ltr'>ab</span> <span class='ocrx_word' id='word_1_196' title='bbox 1103 2656 1259 2722; x_wconf 82' lang='lat' dir='ltr'>orationis</span> <span class='ocrx_word' id='word_1_197' title='bbox 1279 2659 1390 2725; x_wconf 85' lang='lat' dir='ltr'>verbo·-</span> <span class='ocrx_word' id='word_1_198' title='bbox 1506 2720 1508 2726; x_wconf 89' lang='grc'><strong>,</strong></span> 
     </span>
    </p>
   </div>
   <div class='ocr_carea' id='block_1_15' title="bbox 354 2742 1417 3083">
    <p class='ocr_par' dir='ltr' id='par_1_15' title="bbox 354 2742 1417 3083">
     <span class='ocr_line' id='line_1_26' title="bbox 386 2742 1389 2828; baseline -0.003 -17"><span class='ocrx_word' id='word_1_199' title='bbox 386 2764 518 2828; x_wconf 75' lang='lat' dir='ltr'>ronique</span> <span class='ocrx_word' id='word_1_200' title='bbox 541 2742 799 2809; x_wconf 85' lang='lat' dir='ltr'>conformatione</span> <span class='ocrx_word' id='word_1_201' title='bbox 819 2744 870 2813; x_wconf 84' lang='lat' dir='ltr'>vel</span> <span class='ocrx_word' id='word_1_202' title='bbox 890 2742 1123 2809; x_wconf 75' lang='lat' dir='ltr'>eonstmoione</span> <span class='ocrx_word' id='word_1_203' title='bbox 1148 2743 1269 2818; x_wconf 88' lang='lat' dir='ltr'>hiulca,</span> <span class='ocrx_word' id='word_1_204' title='bbox 1298 2743 1389 2823; x_wconf 81' lang='lat' dir='ltr'>vasta,</span> 
     </span>
     <span class='ocr_line' id='line_1_27' title="bbox 386 2828 1417 2909; baseline 0 -15"><span class='ocrx_word' id='word_1_205' title='bbox 386 2829 554 2902; x_wconf 77' lang='lat' dir='ltr'>salebrosa,</span> <span class='ocrx_word' id='word_1_206' title='bbox 581 2837 614 2891; x_wconf 91' lang='lat' dir='ltr'>et</span> <span class='ocrx_word' id='word_1_207' title='bbox 633 2830 730 2890; x_wconf 89' lang='lat' dir='ltr'>veluti</span> <span class='ocrx_word' id='word_1_208' title='bbox 757 2828 943 2909; x_wconf 87' lang='lat' dir='ltr'>confragosa</span> <span class='ocrx_word' id='word_1_209' title='bbox 963 2828 1031 2891; x_wconf 88' lang='lat' dir='ltr'>non</span> <span class='ocrx_word' id='word_1_210' title='bbox 1051 2828 1289 2898; x_wconf 86' lang='lat' dir='ltr'>abhorrentem,</span> <span class='ocrx_word' id='word_1_211' title='bbox 1317 2830 1391 2897; x_wconf 83' lang='lat' dir='ltr'>eum</span> <span class='ocrx_word' id='word_1_212' title='bbox 1416 2870 1417 2873; x_wconf 60' lang='lat'><em>=</em></span> 
     </span>
     <span class='ocr_line' id='line_1_28' title="bbox 387 2910 1392 2983; baseline 0.001 -2"><span class='ocrx_word' id='word_1_213' title='bbox 387 2920 426 2981; x_wconf 89' lang='lat' dir='ltr'>ab</span> <span class='ocrx_word' id='word_1_214' title='bbox 456 2918 546 2979; x_wconf 89' lang='lat' dir='ltr'>omni</span> <span class='ocrx_word' id='word_1_215' title='bbox 574 2912 706 2979; x_wconf 84' lang='lat' dir='ltr'>Mulices</span> <span class='ocrx_word' id='word_1_216' title='bbox 732 2911 858 2975; x_wconf 85' lang='lat' dir='ltr'>scientia</span> <span class='ocrx_word' id='word_1_217' title='bbox 885 2913 1024 2975; x_wconf 87' lang='lat' dir='ltr'>alienum</span> <span class='ocrx_word' id='word_1_218' title='bbox 1054 2910 1115 2974; x_wconf 84' lang='lat' dir='ltr'>effe</span> <span class='ocrx_word' id='word_1_219' title='bbox 1141 2914 1191 2976; x_wconf 88' lang='lat' dir='ltr'>vel</span> <span class='ocrx_word' id='word_1_220' title='bbox 1212 2916 1392 2983; x_wconf 87' lang='lat' dir='ltr'>iuramento</span> 
     </span>
     <span class='ocr_line' id='line_1_29' title="bbox 354 2993 1391 3083; baseline 0 -16"><span class='ocrx_word' id='word_1_221' title='bbox 354 3037 356 3040; x_wconf 95' lang='lat'>·</span> <span class='ocrx_word' id='word_1_222' title='bbox 386 3003 584 3067; x_wconf 81' lang='lat' dir='ltr'>contendere</span> <span class='ocrx_word' id='word_1_223' title='bbox 604 2995 764 3083; x_wconf 85' lang='lat' dir='ltr'>pollimua.</span> <span class='ocrx_word' id='word_1_224' title='bbox 821 2997 933 3079; x_wconf 87' lang='lat' dir='ltr'>Neque</span> <span class='ocrx_word' id='word_1_225' title='bbox 952 2993 1127 3060; x_wconf 81' lang='lat' dir='ltr'>dicentibus</span> <span class='ocrx_word' id='word_1_226' title='bbox 1147 2999 1246 3062; x_wconf 84' lang='lat' dir='ltr'>modo</span> <span class='ocrx_word' id='word_1_227' title='bbox 1266 3001 1317 3064; x_wconf 91' lang='lat' dir='ltr'>vel</span> <span class='ocrx_word' id='word_1_228' title='bbox 1338 3003 1391 3067; x_wconf 87' lang='lat' dir='ltr'>de-</span> 
     </span>
    </p>
   </div>
   <div class='ocr_carea' id='block_1_16' title="bbox 388 3077 1496 3169">
    <p class='ocr_par' dir='ltr' id='par_1_16' title="bbox 388 3077 1496 3169">
     <span class='ocr_line' id='line_1_30' title="bbox 388 3077 1496 3169; baseline -0.001 -16"><span class='ocrx_word' id='word_1_229' title='bbox 388 3087 596 3153; x_wconf 70' lang='lat' dir='ltr'>clamantibus</span> <span class='ocrx_word' id='word_1_230' title='bbox 622 3077 744 3146; x_wconf 85' lang='lat' dir='ltr'>auridm</span> <span class='ocrx_word' id='word_1_231' title='bbox 771 3079 944 3167; x_wconf 83' lang='lat' dir='ltr'>nostrarum</span> <span class='ocrx_word' id='word_1_232' title='bbox 973 3082 1124 3146; x_wconf 75' lang='lat' dir='ltr'>iudicIum</span> <span class='ocrx_word' id='word_1_233' title='bbox 1144 3083 1283 3148; x_wconf 85' lang='lat' dir='ltr'>adhiberi</span> <span class='ocrx_word' id='word_1_234' title='bbox 1302 3085 1392 3169; x_wconf 82' lang='lat' dir='ltr'>poll&#39;e</span> <span class='ocrx_word' id='word_1_235' title='bbox 1484 3089 1496 3104; x_wconf 66' lang='lat'>²</span> 
     </span>
    </p>
   </div>
   <div class='ocr_carea' id='block_1_17' title="bbox 389 3165 1480 3343">
    <p class='ocr_par' dir='ltr' id='par_1_17' title="bbox 389 3165 1480 3343">
     <span class='ocr_line' id='line_1_31' title="bbox 389 3165 1480 3259; baseline -0.005 -21"><span class='ocrx_word' id='word_1_236' title='bbox 389 3174 564 3259; x_wconf 86' lang='lat' dir='ltr'>putandum</span> <span class='ocrx_word' id='word_1_237' title='bbox 585 3169 638 3234; x_wconf 89' lang='lat' dir='ltr'>est.</span> <span class='ocrx_word' id='word_1_238' title='bbox 702 3169 783 3233; x_wconf 89' lang='lat' dir='ltr'>Nam</span> <span class='ocrx_word' id='word_1_239' title='bbox 802 3169 898 3255; x_wconf 88' lang='lat' dir='ltr'>etiam</span> <span class='ocrx_word' id='word_1_240' title='bbox 919 3186 998 3253; x_wconf 86' lang='lat' dir='ltr'>quae</span> <span class='ocrx_word' id='word_1_241' title='bbox 1019 3169 1105 3231; x_wconf 89' lang='lat' dir='ltr'>taciti</span> <span class='ocrx_word' id='word_1_242' title='bbox 1129 3165 1282 3251; x_wconf 81' lang='lat' dir='ltr'>legimus,</span> <span class='ocrx_word' id='word_1_243' title='bbox 1302 3183 1393 3242; x_wconf 88' lang='lat' dir='ltr'>muto</span> <span class='ocrx_word' id='word_1_244' title='bbox 1476 3241 1480 3248; x_wconf 16' lang='lat' dir='ltr'>q</span> 
     </span>
     <span class='ocr_line' id='line_1_32' title="bbox 390 3252 1394 3343; baseline 0.002 -22"><span class='ocrx_word' id='word_1_245' title='bbox 390 3262 528 3343; x_wconf 87' lang='lat' dir='ltr'>quodam</span> <span class='ocrx_word' id='word_1_246' title='bbox 548 3256 701 3320; x_wconf 89' lang='lat' dir='ltr'>labiorum</span> <span class='ocrx_word' id='word_1_247' title='bbox 715 3264 749 3315; x_wconf 90' lang='lat' dir='ltr'>et</span> <span class='ocrx_word' id='word_1_248' title='bbox 764 3253 894 3336; x_wconf 82' lang='lat' dir='ltr'>linguae</span> <span class='ocrx_word' id='word_1_249' title='bbox 916 3252 1014 3316; x_wconf 87' lang='lat' dir='ltr'>veluti</span> <span class='ocrx_word' id='word_1_250' title='bbox 1036 3264 1152 3332; x_wconf 88' lang='lat' dir='ltr'>conatu</span> <span class='ocrx_word' id='word_1_251' title='bbox 1172 3253 1394 3336; x_wconf 75' lang='lat' dir='ltr'>declamemus&#39;,</span> 
     </span>
    </p>
   </div>
   <div class='ocr_carea' id='block_1_18' title="bbox 389 3340 1487 3428">
    <p class='ocr_par' dir='ltr' id='par_1_18' title="bbox 389 3340 1487 3428">
     <span class='ocr_line' id='line_1_33' title="bbox 389 3340 1487 3428; baseline 0 -17"><span class='ocrx_word' id='word_1_252' title='bbox 389 3348 533 3428; x_wconf 87' lang='lat' dir='ltr'>adeoque</span> <span class='ocrx_word' id='word_1_253' title='bbox 551 3361 624 3406; x_wconf 82' lang='lat' dir='ltr'>¹non</span> <span class='ocrx_word' id='word_1_254' title='bbox 646 3342 762 3417; x_wconf 86' lang='lat' dir='ltr'>minus,</span> <span class='ocrx_word' id='word_1_255' title='bbox 783 3359 861 3423; x_wconf 90' lang='lat' dir='ltr'>quae</span> <span class='ocrx_word' id='word_1_256' title='bbox 884 3340 993 3421; x_wconf 85' lang='lat' dir='ltr'>pulcra</span> <span class='ocrx_word' id='word_1_257' title='bbox 1009 3340 1395 3408; x_wconf 55' lang='lat' dir='ltr'>&amp;formicae-verborum</span> <span class='ocrx_word' id='word_1_258' title='bbox 1484 3401 1487 3411; x_wconf 92' lang='lat'><em>.</em></span> 
     </span>
    </p>
   </div>
   <div class='ocr_carea' id='block_1_19' title="bbox 379 3414 1490 4521">
    <p class='ocr_par' dir='ltr' id='par_1_19' title="bbox 379 3414 1490 4521">
     <span class='ocr_line' id='line_1_34' title="bbox 392 3414 1451 3510; baseline -0.003 -14"><span class='ocrx_word' id='word_1_259' title='bbox 392 3444 427 3497; x_wconf 92' lang='lat' dir='ltr'>et</span> <span class='ocrx_word' id='word_1_260' title='bbox 444 3430 600 3495; x_wconf 79' lang='lat' dir='ltr'>orationis</span> <span class='ocrx_word' id='word_1_261' title='bbox 621 3426 724 3490; x_wconf 78' lang='lat' dir='ltr'>forma</span> <span class='ocrx_word' id='word_1_262' title='bbox 740 3424 793 3502; x_wconf 84' lang='lat' dir='ltr'>fit,</span> <span class='ocrx_word' id='word_1_263' title='bbox 828 3426 927 3489; x_wconf 90' lang='lat' dir='ltr'>tacito</span> <span class='ocrx_word' id='word_1_264' title='bbox 947 3414 1082 3510; x_wconf 80' lang='lat' dir='ltr'>quodam</span> <span class='ocrx_word' id='word_1_265' title='bbox 1101 3427 1224 3490; x_wconf 90' lang='lat' dir='ltr'>aurium</span> <span class='ocrx_word' id='word_1_266' title='bbox 1244 3425 1331 3494; x_wconf 86' lang='lat' dir='ltr'>sensu</span> <span class='ocrx_word' id='word_1_267' title='bbox 1351 3427 1393 3493; x_wconf 84' lang='lat' dir='ltr'>as·</span> <span class='ocrx_word' id='word_1_268' title='bbox 1449 3496 1451 3500; x_wconf 70' lang='grc'>,</span> 
     </span>
     <span class='ocr_line' id='line_1_35' title="bbox 391 3512 1490 3602; baseline -0.015 -20"><span class='ocrx_word' id='word_1_269' title='bbox 391 3517 546 3602; x_wconf 84' lang='lat' dir='ltr'>sequimur</span> <span class='ocrx_word' id='word_1_270' title='bbox 568 3523 601 3577; x_wconf 93' lang='lat' dir='ltr'>et</span> <span class='ocrx_word' id='word_1_271' title='bbox 619 3514 802 3577; x_wconf 84' lang='lat' dir='ltr'>iudicamus.</span> <span class='ocrx_word' id='word_1_272' title='bbox 821 3521 835 3529; x_wconf 82' lang='grc'>’</span> <span class='ocrx_word' id='word_1_273' title='bbox 1123 3551 1125 3556; x_wconf 35' lang='lat' dir='ltr'>s</span> <span class='ocrx_word' id='word_1_274' title='bbox 1223 3514 1243 3536; x_wconf 91' lang='grc'>’·</span> <span class='ocrx_word' id='word_1_275' title='bbox 1487 3512 1490 3515; x_wconf 70' lang='grc'><em>”</em></span> 
     </span>
     <span class='ocr_line' id='line_1_36' title="bbox 479 3597 1395 3682; baseline 0.001 -17"><span class='ocrx_word' id='word_1_276' title='bbox 479 3603 646 3666; x_wconf 84' lang='lat' dir='ltr'>Pleuicrem</span> <span class='ocrx_word' id='word_1_277' title='bbox 665 3619 764 3664; x_wconf 81' lang='lat' dir='ltr'>uocem</span> <span class='ocrx_word' id='word_1_278' title='bbox 781 3598 1024 3681; x_wconf 81' lang='lat' dir='ltr'>grauioremque</span> <span class='ocrx_word' id='word_1_279' title='bbox 1043 3597 1212 3682; x_wconf 79' lang='lat' dir='ltr'>coniungit</span> <span class='ocrx_word' id='word_1_280' title='bbox 1229 3597 1294 3663; x_wconf 87' lang='lat' dir='ltr'>Cic.</span> <span class='ocrx_word' id='word_1_281' title='bbox 1309 3601 1395 3666; x_wconf 83' lang='lat' dir='ltr'>Brut.</span> 
     </span>
     <span class='ocr_line' id='line_1_37' title="bbox 394 3683 1395 3770; baseline -0.003 -17"><span class='ocrx_word' id='word_1_282' title='bbox 394 3698 448 3769; x_wconf 80' lang='lat'>84.</span> <span class='ocrx_word' id='word_1_283' title='bbox 469 3689 680 3768; x_wconf 82' lang='lat' dir='ltr'>intelligitque</span> <span class='ocrx_word' id='word_1_284' title='bbox 700 3683 914 3770; x_wconf 84' lang='lat' dir='ltr'>eloquentiam</span> <span class='ocrx_word' id='word_1_285' title='bbox 942 3683 1145 3759; x_wconf 54' lang='lat' dir='ltr'>oratoriam,</span> <span class='ocrx_word' id='word_1_286' title='bbox 1166 3699 1243 3767; x_wconf 88' lang='lat' dir='ltr'>quae</span> <span class='ocrx_word' id='word_1_287' title='bbox 1266 3688 1395 3767; x_wconf 83' lang='lat' dir='ltr'>proprie</span> 
     </span>
     <span class='ocr_line' id='line_1_38' title="bbox 396 3751 1395 3856; baseline -0.005 -17"><span class='ocrx_word' id='word_1_288' title='bbox 396 3776 530 3847; x_wconf 90' lang='lat' dir='ltr'>dicitur,</span> <span class='ocrx_word' id='word_1_289' title='bbox 559 3751 749 3834; x_wconf 81' lang='lat' dir='ltr'>contrariam</span> <span class='ocrx_word' id='word_1_290' title='bbox 777 3771 902 3856; x_wconf 75' lang='lat' dir='ltr'>anguste</span> <span class='ocrx_word' id='word_1_291' title='bbox 929 3777 962 3831; x_wconf 88' lang='lat' dir='ltr'>et</span> <span class='ocrx_word' id='word_1_292' title='bbox 981 3771 1102 3833; x_wconf 81' lang='lat' dir='ltr'>exiliter</span> <span class='ocrx_word' id='word_1_293' title='bbox 1114 3771 1248 3833; x_wconf 83' lang='lat' dir='ltr'>&#39;dicendi</span> <span class='ocrx_word' id='word_1_294' title='bbox 1268 3773 1395 3843; x_wconf 84' lang='lat' dir='ltr'>rationi,</span> 
     </span>
     <span class='ocr_line' id='line_1_39' title="bbox 396 3852 1396 3946; baseline -0.005 -22"><span class='ocrx_word' id='word_1_295' title='bbox 396 3881 476 3946; x_wconf 88' lang='lat' dir='ltr'>quae</span> <span class='ocrx_word' id='word_1_296' title='bbox 496 3858 694 3930; x_wconf 87' lang='lat' dir='ltr'>historicum,</span> <span class='ocrx_word' id='word_1_297' title='bbox 713 3852 965 3937; x_wconf 87' lang='lat' dir='ltr'>philosophicum</span> <span class='ocrx_word' id='word_1_298' title='bbox 986 3853 1038 3918; x_wconf 84' lang='lat' dir='ltr'>vel</span> <span class='ocrx_word' id='word_1_299' title='bbox 1058 3853 1179 3917; x_wconf 82' lang='lat' dir='ltr'>fimilia·</span> <span class='ocrx_word' id='word_1_300' title='bbox 1186 3857 1313 3939; x_wconf 83' lang='lat' dir='ltr'>generis</span> <span class='ocrx_word' id='word_1_301' title='bbox 1327 3855 1396 3919; x_wconf 85' lang='lat' dir='ltr'>scri·</span> 
     </span>
     <span class='ocr_line' id='line_1_40' title="bbox 390 3938 1397 4034; baseline -0.006 -21"><span class='ocrx_word' id='word_1_302' title='bbox 390 3955 525 4034; x_wconf 85' lang='lat' dir='ltr'>ptorem</span> <span class='ocrx_word' id='word_1_303' title='bbox 552 3944 659 4006; x_wconf 79' lang='lat' dir='ltr'>decet·</span> <span class='ocrx_word' id='word_1_304' title='bbox 696 3938 889 4020; x_wconf 76' lang='lat' dir='ltr'>‘„Sublellia,</span> <span class='ocrx_word' id='word_1_305' title='bbox 923 3940 1040 4024; x_wconf 88' lang='lat' dir='ltr'>lnquit,</span> <span class='ocrx_word' id='word_1_306' title='bbox 1065 3942 1260 4023; x_wconf 80' lang='lat' dir='ltr'>grauiorem.</span> <span class='ocrx_word' id='word_1_307' title='bbox 1284 3941 1397 4022; x_wconf 82' lang='lat' dir='ltr'>plenia·</span> 
     </span>
     <span class='ocr_line' id='line_1_41' title="bbox 397 4023 1398 4117; baseline -0.007 -20"><span class='ocrx_word' id='word_1_308' title='bbox 397 4052 520 4117; x_wconf 81' lang='lat' dir='ltr'>remque</span> <span class='ocrx_word' id='word_1_309' title='bbox 538 4048 651 4093; x_wconf 87' lang='lat' dir='ltr'>vocem</span> <span class='ocrx_word' id='word_1_310' title='bbox 670 4023 876 4092; x_wconf 84' lang='lat' dir='ltr'>defide&#39;rant.“</span> <span class='ocrx_word' id='word_1_311' title='bbox 918 4027 1028 4112; x_wconf 87' lang='lat' dir='ltr'>ltaque</span> <span class='ocrx_word' id='word_1_312' title='bbox 1044 4025 1139 4087; x_wconf 89' lang='lat' dir='ltr'>etiam</span> <span class='ocrx_word' id='word_1_313' title='bbox 1161 4025 1194 4086; x_wconf 90' lang='lat' dir='ltr'>in</span> <span class='ocrx_word' id='word_1_314' title='bbox 1218 4024 1319 4088; x_wconf 87' lang='lat' dir='ltr'>literis</span> <span class='ocrx_word' id='word_1_315' title='bbox 1341 4024 1398 4090; x_wconf 85' lang='lat' dir='ltr'>fin·</span> 
     </span>
     <span class='ocr_line' id='line_1_42' title="bbox 399 4108 1428 4202; baseline -0.011 -20"><span class='ocrx_word' id='word_1_316' title='bbox 399 4121 484 4202; x_wconf 83' lang='lat' dir='ltr'>gulis</span> <span class='ocrx_word' id='word_1_317' title='bbox 505 4115 695 4197; x_wconf 81' lang='lat' dir='ltr'>Quintil&#39;9,</span> <span class='ocrx_word' id='word_1_318' title='bbox 718 4127 749 4193; x_wconf 86' lang='lat'>4.</span> <span class='ocrx_word' id='word_1_319' title='bbox 774 4127 822 4191; x_wconf 78' lang='lat'>34.</span> <span class='ocrx_word' id='word_1_320' title='bbox 845 4111 966 4196; x_wconf 82' lang='lat' dir='ltr'>plenior</span> <span class='ocrx_word' id='word_1_321' title='bbox 995 4109 1055 4183; x_wconf 86' lang='lat' dir='ltr'>est,</span> <span class='ocrx_word' id='word_1_322' title='bbox 1086 4127 1163 4192; x_wconf 90' lang='lat' dir='ltr'>quae</span> <span class='ocrx_word' id='word_1_323' title='bbox 1188 4108 1259 4172; x_wconf 82' lang='lat' dir='ltr'>satis</span> <span class='ocrx_word' id='word_1_324' title='bbox 1287 4121 1398 4193; x_wconf 81' lang='lat' dir='ltr'>aperto</span> <span class='ocrx_word' id='word_1_325' title='bbox 1415 4125 1428 4144; x_wconf 75' lang='lat'>·‘</span> 
     </span>
     <span class='ocr_line' id='line_1_43' title="bbox 398 4194 1399 4285; baseline -0.01 -17"><span class='ocrx_word' id='word_1_326' title='bbox 398 4224 460 4268; x_wconf 90' lang='lat' dir='ltr'>ore</span> <span class='ocrx_word' id='word_1_327' title='bbox 476 4212 509 4267; x_wconf 90' lang='lat' dir='ltr'>et</span> <span class='ocrx_word' id='word_1_328' title='bbox 529 4203 673 4285; x_wconf 84' lang='lat' dir='ltr'>pleniore</span> <span class='ocrx_word' id='word_1_329' title='bbox 697 4200 806 4283; x_wconf 87' lang='lat' dir='ltr'>spiritu</span> <span class='ocrx_word' id='word_1_330' title='bbox 822 4198 972 4271; x_wconf 71' lang='lat' dir='ltr'>effertur,</span> <span class='ocrx_word' id='word_1_331' title='bbox 994 4205 1028 4259; x_wconf 82' lang='lat' dir='ltr'>vt</span> <span class='ocrx_word' id='word_1_332' title='bbox 1047 4194 1138 4258; x_wconf 88' lang='lat' dir='ltr'>litera</span> <span class='ocrx_word' id='word_1_333' title='bbox 1159 4194 1206 4269; x_wconf 88' lang='lat' dir='ltr'>E,</span> <span class='ocrx_word' id='word_1_334' title='bbox 1226 4196 1277 4258; x_wconf 91' lang='lat' dir='ltr'>cui</span> <span class='ocrx_word' id='word_1_335' title='bbox 1297 4216 1399 4280; x_wconf 84' lang='lat' dir='ltr'>oppo-</span> 
     </span>
     <span class='ocr_line' id='line_1_44' title="bbox 403 4280 1400 4377; baseline -0.006 -25"><span class='ocrx_word' id='word_1_336' title='bbox 403 4293 489 4352; x_wconf 87' lang='lat' dir='ltr'>nitur</span> <span class='ocrx_word' id='word_1_337' title='bbox 515 4291 531 4353; x_wconf 87' lang='lat'><em>1</em></span> <span class='ocrx_word' id='word_1_338' title='bbox 553 4290 727 4377; x_wconf 79' lang='lat' dir='ltr'>angustior,</span> <span class='ocrx_word' id='word_1_339' title='bbox 751 4305 829 4367; x_wconf 87' lang='lat' dir='ltr'>quae</span> <span class='ocrx_word' id='word_1_340' title='bbox 854 4285 970 4356; x_wconf 68' lang='lat' dir='ltr'>ciuilem</span> <span class='ocrx_word' id='word_1_341' title='bbox 995 4280 1105 4346; x_wconf 87' lang='lat' dir='ltr'>sonum</span> <span class='ocrx_word' id='word_1_342' title='bbox 1127 4300 1167 4342; x_wconf 79' lang='lat' dir='ltr'>ex</span> <span class='ocrx_word' id='word_1_343' title='bbox 1188 4280 1313 4365; x_wconf 83' lang='lat' dir='ltr'>angusta</span> <span class='ocrx_word' id='word_1_344' title='bbox 1333 4283 1400 4350; x_wconf 87' lang='lat' dir='ltr'>oris</span> 
     </span>
     <span class='ocr_line' id='line_1_45' title="bbox 379 4364 1400 4521; baseline -0.01 -81"><span class='ocrx_word' id='word_1_345' title='bbox 379 4376 506 4455; x_wconf 10' lang='lat' dir='ltr'>‘forma</span> <span class='ocrx_word' id='word_1_346' title='bbox 521 4373 626 4438; x_wconf 74' lang='lat' dir='ltr'>hebet.</span> <span class='ocrx_word' id='word_1_347' title='bbox 683 4373 793 4455; x_wconf 81' lang='lat' dir='ltr'>Neque</span> <span class='ocrx_word' id='word_1_348' title='bbox 808 4364 1117 4521; x_wconf 66' lang='lat' dir='ltr'>enimnepellarium</span> <span class='ocrx_word' id='word_1_349' title='bbox 1140 4373 1237 4450; x_wconf 86' lang='lat' dir='ltr'>puto,</span> <span class='ocrx_word' id='word_1_350' title='bbox 1260 4375 1400 4519; x_wconf 67' lang='lat' dir='ltr'>thscum</span> 
     </span>
     <span class='ocr_line' id='line_1_46' title="bbox 419 4458 1400 4517; baseline -0.004 4"><span class='ocrx_word' id='word_1_351' title='bbox 419 4469 437 4506; x_wconf 89' lang='grc'>-·</span> <span class='ocrx_word' id='word_1_352' title='bbox 458 4458 474 4501; x_wconf 80' lang='lat'>‘·</span> <span class='ocrx_word' id='word_1_353' title='bbox 855 4460 857 4464; x_wconf 83' lang='lat'>&#39;</span> <span class='ocrx_word' id='word_1_354' title='bbox 994 4469 1013 4517; x_wconf 87' lang='lat' dir='ltr'>a</span> <span class='ocrx_word' id='word_1_355' title='bbox 1172 4506 1177 4516; x_wconf 91' lang='lat'><em>.</em></span> <span class='ocrx_word' id='word_1_356' title='bbox 1274 4473 1400 4517; x_wconf 87' lang='lat' dir='ltr'>-enero</span> 
     </span>
    </p>
   </div>
   <div class='ocr_carea' id='block_1_20' title="bbox 0 0 1799 5375">
    <p class='ocr_par' dir='ltr' id='par_1_20' title="bbox 0 0 1799 5375">
     <span class='ocr_line' id='line_1_47' title="bbox 0 0 1799 5375; baseline 0 0"><span class='ocrx_word' id='word_1_357' title='bbox 0 0 1799 5375; x_wconf 95' lang='lat' dir='ltr'> </span> 
     </span>
    </p>
   </div>
  </div>
 </body>
</html>
