3534 5375
711 567 973 645 ,ΜΤ
1287 591 1384 661 ‘3²3

378 704 535 828 appellat:
563 747 597 804 et
614 737 690 824 Ca'p.
708 741 744 818 8:
761 709 1175 826 implicitersylbgl‘mum,
1195 728 1249 829 gul
1269 762 1381 822 exeo,
1472 806 1473 815 ,

381 832 467 914 quod
491 827 639 910 scriptum
659 827 718 901 est,
741 827 776 891 id
795 828 901 903 ducit,
928 829 1012 911 quod
1032 828 1187 892 incertum
1207 823 1268 906 est:
1294 834 1381 917 quod

364 916 530 1000 'quoniam
549 914 793 977 ratiocinatione
811 913 992 998 colligitur,
1025 911 1122 978 statua
1140 911 1193 978 hic
1212 917 1308 981 etiam
1326 930 1380 985 rd-

381 1002 577 1066 lioca'nctiuas
594 1008 734 1064 vocatur.
753 997 795 1064 cf.
813 998 882 1064 Lib.
906 1015 955 1074 ra,
976 1015 1006 1062 a.
1032 1010 1081 1081 ις.
1101 997 1155 1064 vbi
1173 1000 1274 1083 colligi
1293 1004 1382 1081 dicit,

403 1105 462 1151 uae
481 1106 521 1148 ex
543 1083 596 1148 illa
622 1084 865 1151 ratiocinatione
890 1085 1041 1168 pendent.
1104 1085 1225 1165 Eadem
1235 1104 1316 1169 pars
1334 1090 1382 1155 di-

381 1104 463 1242 lecte
488 1161 653 1236 etiam'ab
678 1172 749 1236 aliis
775 1171 967 1236 Rhetoribns
995 1148 1141 1248 collellr'o,
1183 1190 1223 1235 ex
1257 1171 1381 1240 Graeco

382 1250 513 1341 sciscat)
531 1257 684 1325 translato
706 1259 805 1322 verbo
824 1258 1014 1322 nominatur.
1057 1255 1112 1322 Sic
1138 1272 1179 1320 ex
1205 1259 1383 1346 Hermago·
1490 1317 1493 1322 ,

380 1363 417 1409 ra
435 1345 531 1408 tradit
548 1341 657 1410 Aurel.
676 1342 842 1426 Augustin.
864 1344 964 1423 Princ.
975 1340 1075 1423 ¹llhet.
1095 1359 1127 1424 p.
1141 1355 1213 1424 294.
1235 1343 1298 1408 vid.
1313 1365 1384 1413 voc.

381 1428 518 1496 collellic.
561 1429 625 1506 Hic
644 1427 689 1494 est
703 1427 915 1514 syllogismus,
943 1444 1037 1513 quem
1059 1428 1275 1505 Quintilianus
1296 1446 1328 1514 7,
1352 1451 1381 1510 3.

384 1532 436 1580 rr.
464 1535 538 1579 cum
555 1512 697 1597 finitione
724 1515 870 1578 confert:
899 1506 1164 1590 „summumst
1183 1515 1304 1600 inquit,
1338 1517 1383 1584 eli

341 1627 343 1631 ·
382 1601 482 1664 veluti
502 1597 660 1673 infirmior
678 1597 801 1676 finitio,
820 1601 892 1683 quia
913 1601 953 1662 in,
967 1599 1025 1662 hac
1046 1600 1216 1682 quaeritur,
1236 1619 1276 1663 an
1297 1602 1382 1669 idem
1489 1631 1492 1635 ·

381 1684 418 1751 lit
443 1687 539 1750 huius
566 1685 615 1749 rei
644 1703 780 1762 nomen,
808 1687 893 1769 quod
918 1685 1069 1758 alterius,
1094 1684 1170 1760 illo,
1188 1704 1228 1748 an
1248 1689 1382 1768 perinde

382 1771 523 1836 habenda
547 1768 585 1834 fit
606 1769 702 1846 haec,
730 1782 822 1854 atque
849 1770 945 1851 illan<
970 1812 974 1823 ·
1004 1770 1093 1835 Idem
1119 1771 1236 1856 repetit
1253 1769 1329 1856 Cap.
1350 1781 1382 1850 8.
1514 1762 1521 1775 ⁸

370 1857 452 1921 snit.
476 1856 527 1919 vbi
546 1855 603 1918 has
622 1853 795 1940 syllogismi
816 1850 936 1940 species
952 1863 1134 1920 enumerat:
1154 1875 1211 1931 an,
1232 1859 1318 1942 quod
1339 1855 1385 1922 se-

383 1943 448 2007 mel
467 1942 517 2005 ius
539 1941 600 2016 est,
619 1942 705 2007 idem
726 1951 759 2004 et
775 1942 924 2025 saepius?
945 1958 1004 2015 an,
1031 1942 1117 2023 quod
1140 1941 1174 2005 in
1192 1956 1275 2018 vno,
1296 1953 1330 2009 et
1349 1936 1398 2010 in'
1479 1985 1490 2012 ι

383 2025 550 2110 pluribus?
580 2047 619 2091 an
626 2072 639 2115 ,
658 2029 752 2111 xquod
767 2037 857 2104 ante,
878 2037 911 2089 et
930 2025 1058 2110 postea?
1093 2046 1153 2101 an,
1172 2029 1258 2111 quod
1279 2030 1313 2094 in
1333 2041 1384 2095 to-

383 2124 435 2184 to,
457 2114 542 2177 idem
561 2113 595 2176 in
616 2112 731 2194 parte?
760 2134 822 2190 an,
843 2115 929 2196 qnod
947 2113 981 2176 in
999 2120 1105 2195 parte,
1126 2113 1212 2178 idem
1231 2114 1265 2177 in
1285 2115 1386 2182 totns
1499 2168 1504 2178 .

391 2246 394 2251 -
459 2192 571 2265 *Porro
593 2199 725 2273 Cicero,
744 2218 826 2262 cum·¹
838 2200 878 2261 de
898 2201 1022 2262 lnnent.
1048 2215 1076 2272 r,
1101 2211 1150 2274 31.
1171 2199 1385 2284 praecepisset,

384 2297 516 2356 omnem
535 2285 842 2368 argumentationem
862 2283 934 2349 fieri
960 2283 1009 2347 vel
1030 2282 1197 2350 udinem
1215 2286 1267 2352 vel
1288 2291 1385 2352 ratic·

383 2371 549 2445 nimione,
571 2372 652 2434 banc
666 2372 791 2454 quidem
821 2370 967 2454 σιμ-34.
994 2370 1037 2432 ita
1064 2368 1194 2434 delinit:
1222 2373 1386 2440 ratiocina·
1491 2420 1503 2445 f

383 2459 428 2520 tio
463 2455 508 2521 est
539 2457 644 2520 oratio
678 2476 718 2519 ex
749 2455 812 2540 ipla
839 2471 874 2520 re
902 2454 1065 2540 probabile
1095 2455 1212 2540 aliquid
1241 2457 1386 2534 eliciens,

384 2543 470 2625 quod
489 2541 662 2626 expolitum
682 2551 716 2606 et
736 2561 793 2624 per
812 2537 844 2605 se
870 2543 1056 2625 cognitum,
1088 2536 1153 2630 [suu
1171 2541 1203 2605 se
1225 2543 1256 2607 vi
1276 2556 1310 2605 et
1338 2565 1386 2609 ra.

384 2629 476 2692 tione
500 2627 678 2694 confirmet.
702 2626 745 2694 cf.
763 2626 838 2693 Cur.
857 2629 1021 2695 Fortunata
1048 2647 1080 2711 p.
1101 2623 1154 2709 67.
1183 2627 1235 2693 vbi
1254 2618 1386 2712 rudiun-

384 2736 430 2791 pa
456 2711 577 2779 Graece
602 2712 721 2780 aruum
739 2724 846 2781 notat
909 2716 983 2780 Hoc
1007 2730 1110 2798 genus
1133 2718 1387 2796 argumentandi,

386 2802 516 2881 eiusque
542 2802 577 2863 in
604 2802 741 2884 quinque
768 2811 871 2882 partes
895 2801 1092 2865 distributam
1112 2798 1330 2867 trattationem
1349 2804 1388 2868 ab
1486 2874 1488 2878 ,
1528 2887 1533 2896 .

384 2883 556 2951 Aristotele
575 2885 721 2967 inprimis
743 2895 777 2948 et
798 2884 1017 2967 Theophrasto
1041 2885 1291 2966 frequentatam,
1309 2907 1388 2952 con·

385 2982 433 3034 tra
455 2989 513 3033 eos
536 2968 651 3034 Cicero
673 2971 892 3042 commendat,
920 2971 974 3051 qui
1006 2970 1075 3032 eius
1095 2980 1160 3045 tres
1177 2980 1299 3033 tantum
1319 2991 1388 3055 par.

385 3055 454 3131 tes,
487 3054 734 3142 propofiticncm',
763 3048 983 3138 affiliationem,
1007 3063 1040 3117 et
1064 3056 1309 3135 complexionem,
1331 3058 1387 3122 sta.

383 3142 531 3219 tuebant,
548 3160 621 3216 curn
643 3150 767 3203 veteres
792 3140 839 3203 illi
859 3137 1037 3222 philoffiphi
1057 3138 1266 3222 propositioni
1286 3151 1320 3204 et
1346 3139 1391 3206 as.

385 3226 555 3306 sumtioni,
578 3226 838 3310 approbationem
860 3227 1088 3309 adiungentes,
1109 3226 1390 3309 quinquepartitam

387 3312 693 3396 argumentationem
714 3309 856 3379 secifl‘ent
874 3329 961 3386 eam,
987 3326 1066 3395 quae
1091 3330 1149 3393 per
1175 3313 1388 3377 ratiocinatio·

333 3417 335 3424 ·
387 3416 463 3463 nem
481 3396 583 3480 fieret
647 3400 735 3464 Haec
757 3399 864 3463 omnis
885 3398 968 3461 ratio
984 3397 1267 3480 argumentationis
1288 3399 1322 3462 in
1342 3397 1389 3462 se·

387 3485 554 3569 quentibus
575 3482 707 3549 ulterius
728 3483 927 3559 defenditur,
955 3483 1146 3567 explicatur,
1177 3490 1210 3547 et
1233 3485 1388 3569 exemplis

388 3572 564 3636 illustratur.
585 3570 648 3636 vid.
672 3571 712 3635 de
732 3572 847 3635 eodem
864 3580 984 3651 genere
1011 3569 1249 3654 Trapezuntins
1270 3570 1338 3635 Lib.
1359 3588 1390 3654 3.

387 3657 479 3725 llhet
497 3657 542 3741 'p.
566 3671 619 3739 30.
649 3656 701 3721 vbi
726 3653 976 3741 perfectissimam
1003 3655 1310 3739 argumentationem
1336 3678 1391 3743 ap·

338 3747 356 3808 ,’
412 3744 494 3806 ellat.
984 3785 986 3789 »
1149 3771 1152 3782 ·

387 3766 410 3829 p
475 3825 549 3893 Alia
570 3826 766 3891 ratiocinatio
786 3823 847 3901 est,
868 3842 946 3909 quae
970 3820 1147 3907 impulfionl
1166 3825 1322 3888 contraria
1346 3825 1392 3890 di·

391 3915 490 3988 citur,
515 3912 579 3975 hoc
601 3909 662 3985 est,
690 3912 827 3995 diligens
854 3923 888 3975 et
907 3908 1098 3976 considerata
1118 3909 1254 3979 faciendi
1276 3909 1389 3993 aliquid

390 4010 445 4065 aut
464 4017 531 4063 non
549 3991 688 4061 faciendi
713 3998 927 4081 excogitatio:
957 4016 997 4061 ex
1024 4016 1060 4059 ea
1086 3994 1387 4069 enim-cuniculum,
1450 4009 1453 4014 ·

390 4088 425 4150 in
452 4082 633 4169 quaestione
659 4083 881 4170 con-ieliurali,
900 4084 979 4181 ¹capi
1006 4080 1128 4163 potest,
1152 4080 1204 4144 ubi
1223 4082 1386 4163 quaeritur,

392 4171 505 4254 aliquis
528 4170 645 4253 aliquid
672 4189 713 4233 ex
730 4168 934 4255 impulsione,
969 4167 1000 4235 la.
1021 4188 1049 4231 e.
1072 4164 1186 4233 anana
1208 4175 1325 4234 mutual
1346 4180 1387 4226 an

394 4276 467 4317 cnm
486 4257 735 4336 ratiocinatione,
756 4257 819 4320 hoc
838 4256 899 4331 elt',
922 4264 1012 4319 certo
1033 4272 1106 4320 cum
1125 4249 1257 4320 consilio
1272 4248 1389 4311 mentis
1415 4292 1426 4297 -
1537 4297 1542 4309 .

395 4340 519 4405 lecerit
538 4341 600 4406 vid.
617 4341 684 4409 Cic.
703 4344 744 4408 de
763 4341 887 4415 Inueni.
908 4356 939 4416 a,
963 4356 993 4419 5.
1012 4403 1014 4407 ,
1332 4357 1340 4381 t

765 4428 768 4436 ·
930 4420 962 4494 x
983 4438 1004 4489 2
1291 4413 1388 4499 Apud
