3534 5375
437 619 506 690 ²4⁴
708 541 1142 687 .,leiid¹'

682 766 911 834 'Zimara-
950 756 1182 857 Ltoa'rus.
1293 772 1297 777 '

470 900 476 911 ‘
525 882 665 967 Vtraque
680 903 742 948 vox
764 884 799 946 in
819 901 860 951 eu
876 891 1006 947 oratore
1025 878 1204 953 adhibetur,
1224 879 1277 963 qui
1300 886 1397 947 tenue
1414 874 1450 947 eb

442 972 554 1039 subtile
576 986 679 1056 genus
696 969 823 1034 dicendi
843 956 1055 1045 contestante,
1096 968 1181 1050 quod
1207 968 1313 1030 minus
1333 966 1379 1035 est
1395 968 1450 1033 ve'·
1499 1004 1502 1010 ·

440 1061 575 1130 hemenr
598 1064 633 1119 et
659 1073 752 1134 acre,
791 1053 844 1117 led
871 1053 1025 1119 maiorem
1053 1049 1214 1116 scribentis
1249 1048 1450 1147 dicentisque

444 1141 677 1225 accurationem
684 1187 695 1235 ξ
715 1138 924 1223 elegantiam,
945 1139 1142 1224 prudentiam
1164 1147 1197 1202 et
1218 1142 1360 1201 acumen
1374 1158 1450 1221 pro·

443 1227 509 1304 dit,
540 1227 644 1311 tnagis
672 1226 707 1290 in
733 1226 876 1292 moribus
904 1224 1136 1374 exprimgqrdis,
1163 1242 1256 1313 quam
1283 1220 1450 1305 affestibuq

443 1310 693 1379 commonendis
712 1304 868 1385 versetur,
901 1320 934 1374 et
954 1331 994 1387 m⁴
1060 1309 1190 1374 nuribus
1212 1310 1320 1393 potius
1339 1330 1398 1373 cau
1442 1314 1445 1319 '

278 1393 281 1407 ’
361 1469 372 1475 ,
465 1419 537 1463 uam
562 1396 938 1480 maioribusoccupatur.
982 1394 1109 1480 Singuli
1130 1395 1301 1483 Ciceronis*
1317 1395 1425 1476 loci„

345 1532 350 1542 -
444 1418 557 1556 iallor,
578 1480 740 1546 definitam
761 1481 842 1546 hanc
861 1482 1032 1546 notionem
1050 1479 1298 1546 'confirmabunt
1322 1481 1398 1564 Cap.
1418 1498 1450 1563 3.

446 1571 488 1635 de
509 1571 586 1652 Opt.
608 1586 683 1652 gen.
714 1567 776 1635 dic.
802 1565 911 1652 Lyliae
941 1567 1074 1631 tenuitas
1103 1569 1452 1645 itacummemoratur,

413 1689 415 1693 ·
446 1662 498 1731 ut,
520 1654 663 1740 quamuis
683 1652 792 1718 multis
814 1653 849 1716 in
871 1652 954 1733 locis
975 1652 1004 1715 ir
1021 1652 1304 1737 oritur-grandior
1331 1650 1384 1729 fit,
1406 1660 1452 1716 ta·

350 1744 353 1749 '
411 1742 417 1757 ““
448 1761 523 1806 men
543 1741 627 1804 idem
650 1746 683 1803 et
702 1739 841 1802 ieiunior
863 1740 1001 1814 dicatur,
1034 1734 1225 1824 quoniamse
1244 1734 1304 1819 ipse
1317 1735 1451 1830 'consulte

397 1844 402 1853 ¹
448 1827 493 1893 ud
512 1821 878 1911 minutar'um'rarrjamm
895 1842 1013 1908 genera
1037 1824 1209 1888 limuueritr
1243 1822 1304 1911 huc
1326 1822 1390 1899 est,
1414 1822 1452 1889 li·

450 1919 534 1975 mata
561 1911 615 1974 illa
641 1911 723 1993 ratio
740 1909 894 1984 dicendi,
925 1910 1004 1992 quu'e
1027 1909 1274 1986 vehementiam,
1310 1905 1391 1979 vina,
1419 1914 1453 1975 et

450 1998 605 2080 impetum
625 1992 758 2078 respuit,
779 2004 813 2058 et
832 1995 865 2059 in
879 1996 976 2071 ,tenui
987 1991 1156 2143 subtilique
1176 1996 1305 2076 quadam
1328 1993 1453 2078 elegan-

450 2083 496 2146 tia
522 2078 704 2166 acquiescit,
732 2078 840 2166 Lyfiae
870 2089 1038 2164 propterea
1064 2077 1098 2144 so
1111 2081 1225 2144 ennior
1251 2085 1334 2153 erat,
1366 2079 1454 2167 quod

325 2186 327 2191 ·
421 2178 428 2189 '
452 2170 591 2253 priuatae
612 2167 794 2250 plerasque,
816 2177 931 2249 easque
951 2166 1087 2229 minutas
1106 2165 1209 2229 causas
1230 2162 1353 2247 scripsit.
1370 2166 1454 2231 Nam

453 2255 508 2318 illa
536 2255 583 2317 vis
608 2253 766 2327 oratoria,
795 2261 828 2315 et
857 2252 1038 2334 granditas,
1069 2253 1214 2315 tenuitati
1242 2261 1274 2314 et
1294 2247 1453 2316 subtilitati

420 2370 423 2379 =
451 2339 611 2424 oppetita,
640 2340 674 2402 in
697 2337 822 2423 magnis
849 2346 970 2401 tantum
989 2334 1085 2401 causus
1105 2338 1254 2421 agendis,
1272 2343 1310 2401 et.
1323 2338 1359 2401 in
1378 2357 1454 2402 con·

450 2423 652 2490 tentionibus
669 2420 844 2488 furentibus
871 2422 1028 2487 dominari
1046 2422 1135 2486 solet.
1198 2425 1304 2506 Itaque
1320 2420 1453 2495 acide·

453 2530 536 2575 rone
562 2511 651 2574 Orat.
674 2526 704 2590 3,
726 2515 756 2584 8.
787 2508 945 2591 Sulpicius
971 2506 1006 2571 'et
1031 2508 1142 2584 Cotta,
1171 2506 1455 2592 vtroqnel'dice'ndt

500 2614 576 2659 nere
602 2592 733 2670 diuersi,
764 2594 808 2658 ita
833 2590 1082 2677 distinguuntur:
1118 2592 1290 2669 „Limatus
1318 2594 1398 2658 alter
1422 2604 1455 2661 et

411 2708 416 2725 ·
526 2682 586 2757 lis,
607 2699 676 2744 rem
698 2679 859 2764 explicans
882 2680 1020 2766 propriis
1034 2671 1184 2765 'aptisque
1207 2681 1331 2753 verbis3
1348 2679 1457 2756 haeret

316 2829 323 2851 ,
455 2768 492 2832 in
519 2764 607 2831 causa
632 2763 771 2850 semper,
798 2771 834 2829 'et
859 2765 1058 2850 quid'iudici
1086 2767 1282 2851 probandum
1310 2764 1362 2842 fit,
1383 2788 1456 2834 cum

390 2913 392 2918 .
454 2849 626 2918 acutillitne
645 2852 744 2936 vidit,
761 2843 880 2916 omillia
899 2854 1014 2916 ceteris
1034 2855 1241 2936 argumentis,
1258 2854 1292 2917 in
1313 2871 1355 2916 eo
1371 2873 1456 2917 men.

454 2947 522 3002 tem
545 2939 784 3022 orationemque
806 2936 928 3022 defigit.
978 2923 1139 3021 Sulpicius
1159 2950 1264 3004 autem
1286 2937 1455 3005 fortissimo

399 3025 406 3036 '
455 3026 590 3108 quodam
609 3023 705 3110 enimi
726 3025 863 3109 impetu,
878 3019 1050 3106 pleniffima
1068 3032 1102 3088 et
1117 3026 1251 3090 maxima
1271 3023 1361 3100 uoce,
1378 3023 1455 3092 lum.-

333 3181 337 3190 p
456 3120 507 3173 rna
536 3109 748 3198 contentione,
771 3109 937 3192 corporis,
965 3117 999 3175 et
1024 3111 1180 3196 dignitate
1202 3123 1318 3177 motus
1339 3109 1400 3186 est,
1421 3120 1455 3177 vt

455 3213 538 3261 vnua
564 3197 603 3260 ad
632 3189 801 3276 dicendum
829 3193 1072 3261 instruttillinrus
1098 3217 1116 3264 a
1144 3195 1330 3270 naturaelie'
1352 3197 1456 3266 videa,
1506 3245 1511 3259 ,

455 3290 516 3346 tur.
525 3284 548 3313 “
564 3329 567 3336 .
590 3282 701 3364 Ergo,
721 3291 756 3345 vt
773 3282 909 3368 omniuo
926 3283 1036 3346 limare
1061 3301 1128 3346 non
1150 3280 1207 3358 nifi
1225 3282 1456 3364 artificum'est,

455 3365 501 3430 ita
520 3367 553 3429 in
574 3367 722 3431 oratione
740 3366 895 3440 limanda,
916 3375 950 3430 et
970 3368 1005 3432 in
1025 3367 1132 3434 dienato
1153 3363 1392 3454 oratore,‘plus
1406 3371 1455 3438 ine

390 3521 392 3526 ,
456 3449 613 3535 telligitur
631 3443 727 3530 artis,
748 3449 845 3534 „quarn
865 3460 1015 3530 naturae,
1037 3452 1110 3534 plus
1130 3451 1249 3519 confilii
1268 3466 1302 3520 et
1319 3457 1455 3539 pruden-
1477 3457 1479 3462 '

323 3577 327 3588 ,
456 3537 536 3612 tiae,
557 3555 650 3622 quarn
670 3535 803 3620 ingenii.
846 3535 995 3624 ldemex
1013 3529 1089 3604 loco
1109 3539 1271 3606 lucidento
1306 3548 1381 3618 atet,
1400 3539 1456 3625 qui

455 3620 502 3687 'est
529 3622 563 3684 in
593 3623 692 3687 Bruto
703 3619 787 3706 cap.
809 3637 860 3704 aq.
886 3619 934 3706 Ibi
959 3643 1032 3689 cum
1051 3623 1198 3706 notasset,
1217 3626 1252 3694 iu
1294 3622 1455 3696 ominibus

456 3704 646 3794 ingeniolis,
667 3705 864 3788 vebementia
882 3703 1013 3798 quadarn
1031 3712 1146 3788 animi,
1165 3724 1198 3798 et
1210 3710 1343 3780 naturali
1362 3711 1454 3790 dolo,

417 3795 422 3805 '
454 3810 494 3868 re
524 3792 673 3876 praeditis
698 3793 841 3878 attidere
868 3791 996 3874 solem
1017 3805 1050 3864 vt
1070 3795 1329 3873 meliisdicant,
1359 3819 1473 3884 quam·
1500 3815 1503 3822 ’

454 3875 606 3959 scribant,
627 3881 845 3964 quoniamvlr
864 3881 935 3958 ille,
948 3901 1027 3966 quae
1044 3885 1187 3951 dicenter
1208 3881 1372 3960 incendat,
1388 3883 1456 3968 ple-

453 3967 587 4050 tquue
609 3965 643 4029 in
666 3965 737 4040 utin
758 3974 792 4030 et
810 3967 1033 4052 tranquillitate
1051 3961 1202 4036 scribendi
1220 3967 1349 4073 pereat,
1374 3969 1455 4036 haee

456 4051 572 4116 deinde
596 4053 702 4116 additr'
729 4054 855 4137 „quod
868 4051 931 4138 iis,
960 4055 1013 4136 qui
1037 4056 1171 4140 limatius
1196 4049 1323 4138 dicendi
1348 4070 1454 4141 genua

458 4131 1046 4222 mnsettmtur,irrideresnonfsplet,
1069 4135 1257 4227 propterea,
1278 4135 1455 4227 quodpru·¹

458 4222 876 4310 centia-nunquam,defitit.
901 4232 1079 4308 oratqrem,
1116 4251 1175 4314 qua
1200 4228 1255 4295 ilie
1278 4220 1370 4296 utens
1398 4249 1454 4295 eo·

460 4306 533 4369 dem
558 4310 655 4372 modu
685 4305 775 4389 poilit
802 4315 838 4372 et'
861 4301 1004 4391 scribere·
1023 4323 1055 4376 et
1074 4316 1197 4384 dicerer
1237 4309 1336 4383 ardor.
1353 4315 1455 4381 animi

328 4469 334 4478 ἱ
460 4411 527 4457 non
545 4390 664 4505 semper
684 4393 783 4474 adest,
814 4398 995 4520 iaquq‚curn
1014 4399 1178 4489 consuit,
1199 4391 1467 4553 omuis'i'llaffuiq‘

606 4528 609 4533 -
879 4516 882 4521 ·
1167 4533 1169 4538 -
1419 4508 1440 4554 e
