3534 5375
811 604 994 708 NV'M
1263 632 1265 637 ·
1336 615 1401 702 2⁶7

399 789 439 887 est
460 787 547 888 inodo
568 784 672 862 vein,
692 803 729 848 ru
742 779 827 873 fluat
846 751 968 857 arctio,
987 782 1035 850 'ur
1053 792 1206 869 vagetur‚'
1229 768 1266 852 ur
1288 790 1400 876 inststat

364 924 367 930 f
399 883 548 949 interius,
570 893 606 938 nc
629 879 777 936 excurrat
798 871 942 951 longius:
964 880 999 934 vt
1017 873 1160 945 membris
1183 873 1400 959 distinguatur,
1500 912 1505 932 ..

397 969 434 1024 vt
454 959 654 1042 conuerstonrs
672 954 784 1023 hatrat
805 955 965 1038 absilutas.
1009 957 1052 1021 Et
1076 959 1111 1020 in
1141 958 1228 1022 Orat.
1253 961 1327 1041 Cap.
1350 979 1403 1029 20.

368 1092 371 1096 -
397 1045 587 1126 „Quicquid
614 1042 674 1115 est,
702 1043 762 1117 ait,
781 1040 876 1124 'quod
914 1040 966 1104 sub
996 1042 1119 1106 aurium
1147 1040 1320 1108 mensuram
1346 1048 1404 1112 ali-
1464 1049 1467 1054 ’

371 1152 378 1206 3
397 1149 491 1212 quam
511 1127 686 1202 cadit‚·etli
706 1126 789 1190 abest
808 1148 826 1189 a
849 1123 938 1190 versu
966 1125 1053 1203 (nam
1083 1129 1117 1193 id
1142 1130 1268 1210 quidem
1296 1143 1402 1197 orato-

398 1216 444 1279 ris
482 1215 527 1280 est
554 1214 845 1293 vitiumnumerus
875 1208 1024 1288 venatui,
1059 1215 1111 1297 qui
1140 1213 1262 1283 Graece
1282 1215 1402 1299 ρυθμδς
1516 1228 1519 1232 “

400 1302 559 1365 dicitur.“
602 1303 711 1366 Locus
732 1308 838 1361 autem
857 1294 997 1361 clafficus
1023 1303 1105 1382 apud
1132 1300 1338 1379 Ciceronem,
1368 1306 1404 1368 in
1462 1360 1469 1375 ,

400 1406 465 1468 quo
484 1388 518 1450 in
538 1376 716 1471 originem,
737 1383 862 1460 causas,
883 1394 1037 1458 naturam,
1059 1385 1188 1468 vimque-
1203 1405 1332 1450 omnem
1348 1408 1423 1463 nu»

335 1488 336 1492 ’
400 1473 481 1535 meri
496 1483 580 1535 cum
609 1473 729 1556 poetici
764 1478 838 1533 tum·
858 1471 991 1534 oratorii
1018 1471 1164 1552 inquirit,
1207 1481 1292 1536 extat
1322 1473 1343 1537 l.
1373 1496 1433 1559 oq·

400 1559 475 1640 Cap.
499 1573 548 1638 51.
567 1557 627 1642 sqq.
669 1559 731 1623 llis
751 1556 912 1625 addimus.
935 1575 1013 1638 quae
1036 1556 1111 1637 Cap.
1135 1553 1185 1637 56.
1209 1555 1254 1621 de
1271 1577 1406 1627 numero

357 1685 361 1694 ·
398 1643 560 1707 obseruata
578 1644 733 1726 legimus:
768 1639 972 1716 „Quodliet
999 1641 1125 1723 angusta
1144 1646 1294 1724 quaedam
1314 1658 1422 1728 atque,

399 1729 540 1801 concisa,
561 1741 595 1792 et
613 1730 672 1791 alia
696 1729 739 1791 est
760 1724 906 1789 collatata
928 1736 961 1789 et
987 1725 1095 1790 diffusa
1122 1731 1246 1791 oratio:
1284 1729 1406 1795 necesse
1524 1771 1527 1775 -

400 1814 504 1877 estid
535 1833 602 1876 non
628 1814 790 1876 literarum
819 1812 964 1875 accidere
993 1820 1121 1888 natura,
1149 1811 1201 1877 sed
1223 1815 1408 1887 interuallo-
1468 1847 1470 1850 ·
1518 1852 1522 1857 ·

401 1918 473 1961 rum
492 1899 723 1979 longorum„et
743 1897 887 1960 breuium
910 1896 1079 1961 varietate:
1107 1898 1229 1979 quibus*
1247 1901 1408 1982 implicata
1487 1920 1490 1931 ·

402 1994 437 2046 et
457 1983 603 2064 permista
624 1984 746 2063 oratio,
776 1984 927 2064 quoniam
949 1993 1017 2045 tum
1038 1982 1153 2047 stabilis
1173 1984 1234 2059 est,
1263 1994 1330 2050 tum
1351 2009 1409 2054 vo·

402 2068 528 2142 labilis,
550 2066 672 2131 necesse
693 2068 736 2130 est
756 2068 915 2131 eiusmodi
938 2079 1079 2131 naturam
1100 2072 1241 2133 numeris
1261 2077 1407 2138 contine.

402 2157 432 2217 ri
449 2154 497 2231 (h.
519 2176 547 2218 e.
570 2167 774 2217 numerorum
795 2154 858 2215 vim
876 2151 938 2218 effe
965 2153 998 2214 in
1021 2151 1183 2229 stabilitate
1205 2164 1239 2217 et
1258 2157 1408 2224 volubili·
1464 2177 1466 2181 ·
1499 2185 1502 2192 ·

403 2248 488 2317 tate,
512 2258 681 2323 earumque
703 2236 788 2302 suaui
810 2245 843 2301 et
862 2246 934 2321 apta
951 2235 1182 2316 vicissitudine).
1245 2241 1324 2306 Nam
1348 2247 1408 2309 cir·

403 2328 509 2390 cuitus
529 2325 601 2397 ille,
619 2344 713 2408 quem
732 2323 823 2405 saepe
844 2324 908 2387 iam
926 2324 1082 2401 diximus,
1119 2323 1279 2390 incitatior
1297 2347 1407 2394 nume·
1436 2324 1443 2349 ⁸
1487 2320 1497 2335 ⁶

403 2431 443 2475 ro
463 2411 530 2494 ipso
551 2411 670 2487 fertur,
698 2411 802 2492 quoad
826 2409 992 2492 perueniat
1016 2411 1055 2473 ad
1083 2406 1200 2482 finem,
1230 2421 1263 2475 et
1288 2414 1409 2483 insistat.

401 2497 604 2581 Perspicuum
624 2498 669 2562 est
690 2497 807 2579 igitur,
827 2496 963 2560 numeris
981 2493 1157 2583 adstrlttam
1174 2501 1346 2566 orationem
1368 2501 1407 2586 cs·

393 2581 569 2669 fidubert,
592 2603 698 2653 curere
715 2580 884 2667 verstbus.“
926 2580 962 2644 Id
984 2580 1123 2662 apertius
1145 2583 1240 2646 etiam
1262 2585 1336 2669 Cap.
1357 2605 1408 2668 57,

405 2663 517 2736 docet:
557 2672 663 2754 „Ego
690 2667 811 2742 sentio,
838 2668 956 2749 inquit,
986 2685 1100 2731 omnes
1123 2667 1156 2731 in
1176 2671 1323 2740 oratione
1347 2674 1409 2741 elie

403 2756 484 2839 quali
506 2758 672 2838 permistos
692 2766 727 2820 et
744 2753 896 2819 confusos
928 2753 1043 2835 pedesg
1077 2774 1138 2821 neo
1159 2757 1247 2844 eninr
1266 2759 1410 2843 effugere

405 2840 564 2924 possemus
586 2837 940 2913 animaduersionemsfi
960 2837 1081 2919 semper
1101 2840 1215 2905 iisdem
1235 2854 1410 2928 vteremurz

404 2929 477 3009 quia
497 2927 599 3010 neque
619 2923 784 2988 numerosa
805 2922 884 2998 elie,
904 2931 939 2985 vt
962 2942 1091 3002 poema,
1118 2943 1221 3006 neque
1243 2941 1330 2992 extra
1352 2953 1409 2997 nu·
1500 2989 1505 2996 .

406 3031 547 3086 merum,
568 3021 602 3074 vt
619 3008 721 3073 sermo
742 3008 848 3089 vulgi,
870 3006 932 3069 eise
953 3008 1047 3069 debet
1066 3010 1181 3081 oratio,
1191 3014 1212 3046 ‘⁶
1232 3022 1292 3075 etc.
1316 3036 1411 3097 quem

405 3098 512 3161 locum
537 3099 599 3160 iam
617 3094 708 3179 supra
730 3094 1062 3158 commemorauimus.
1125 3093 1188 3158 Sed
1217 3105 1250 3157 et
1277 3097 1410 3182 singula·
1451 3102 1454 3105 ’
1514 3119 1518 3125 ·

400 3186 453 3246 ·ria
480 3191 648 3266 praecepta
675 3180 812 3244 tenenda
839 3188 953 3252 erunt,
990 3196 1125 3260 quorum
1153 3178 1258 3260 passini
1286 3191 1411 3255 mentio

405 3271 555 3336 iniicitur.
599 3267 680 3335 Tale
702 3265 801 3331 estin
823 3265 913 3329 Orat.
934 3262 1009 3345 cap.
1032 3260 1086 3340 ὃς.
1113 3282 1172 3330 nou
1190 3263 1289 3349 fissam
1310 3291 1411 3338 nume·

404 3378 444 3422 ro
462 3352 618 3439 numerasti
640 3355 742 3419 oratio
754 3347 883 3437 fit‚sed
901 3358 931 3415 ct
952 3349 1157 3437 compusttioue
1178 3360 1208 3415 et
1230 3357 1411 3426 concinnitas
1436 3415 1439 3419 ,
1481 3431 1483 3437 ,

406 3452 445 3507 te.
490 3443 534 3508 Et
551 3442 693 3515 ibidem,
723 3441 851 3503 multum
876 3435 1015 3523 interqli,
1039 3436 1105 3510 ¹nit,
1130 3434 1237 3502 virum
1254 3444 1412 3531 numrrqfi
1468 3445 1472 3469 ¹

399 3530 459 3617 fit,
479 3529 514 3594 id
533 3530 590 3616 est,
603 3527 714 3614 fimitis
735 3542 948 3595 merorum,
978 3541 1021 3587 aar
1045 3522 1137 3605 piune
1156 3542 1172 3587 r
1192 3524 1437 3602 cimericum
1508 3559 1523 3605 ς

399 3618 459 3705 flet
479 3616 590 3712 orqtio.
634 3612 778 3712 Alterum
791 3609 822 3693 ſs
832 3608 893 3695 yst,
916 3606 1100 3674 inamabile
1119 3610 1228 3675 vitium
1248 3613 1311 3713 ‘stt'
1338 3616 1412 3683 alte.

406 3720 478 3767 ”m
494 3692 1214 3866 iiciiii'istii‘ia‘iiirssi’iiiiii
1232 3708 1326 3863 ill·
1339 3806 1414 3858 0112„

408 3867 446 3936 stt
467 3872 603 3934 omnino
623 3865 850 3933 Ciceronianae
868 3861 995 3937 similis,
1013 3871 1080 3927 tum
1099 3870 1296 3936 veronulta
1317 3874 1413 3942 etiam
1472 3903 1476 3907 ·

409 3956 497 4022 illius
518 3954 678 4019 subtilitati
697 3960 731 4037 et
752 3950 929 4033 elegantiae
948 3952 1077 4034 propria
1097 3950 1201 4016 habet.
1259 3955 1414 4039 Exposuit
1479 4013 1485 4018 .

381 4049 488 4112 uero
509 4042 550 4105 de
570 4060 692 4106 numero
712 4036 867 4105 orationis
890 4034 957 4101 Lib.
980 4050 1013 4118 9,
1034 4051 1066 4115 4.
1083 4052 1142 4117 45,
1164 4037 1224 4120 sqq·
1253 4036 1412 4125 Rhytmi'
1447 4065 1452 4075 ,
1519 4038 1522 4044 ·

409 4130 529 4211 inquit,
561 4128 623 4192 hoc
653 4125 714 4200 est,
741 4127 874 4197 numeri,
909 4119 1009 4208 spatio
1042 4130 1222 4204 temporum
1252 4128 1415 4198 constante

410 4224 510 4278 meua
540 4216 636 4277 etiam
661 4211 792 4276 ordine:
832 4210 968 4293 ideoque
997 4205 1129 4272 alterum
1148 4210 1327 4291 quantitatis
1352 4216 1434 4284 else.

410 4300 552 4374 videtur,
574 4298 707 4363 alterum
727 4295 904 4378 qualitatis:
927 4290 1092 4377 Rhytlrmis
1107 4292 1205 4362 libera
1216 4295 1336 4377 spatia,
1356 4325 1415 4369 me.
1522 4353 1527 4358 .

411 4387 474 4451 tris
491 4383 587 4469 finito
611 4384 697 4472 snut.
724 4412 772 4442 ···.·
795 4381 921 4450 Tamen
948 4380 1165 4461 Quintilianus
1183 4379 1360 4468 tstysimum
1381 4401 1415 4459 et
1527 4473 1531 4482 ἱ

433 4529 436 4536 ,
597 4506 599 4512 ·
677 4523 681 4540 .
1068 4501 1070 4506 ’
1255 4490 1413 4541 nanterum
