<?xml version="1.0" encoding="UTF-8"?>
<!DOCTYPE html PUBLIC "-//W3C//DTD XHTML 1.0 Transitional//EN"
    "http://www.w3.org/TR/xhtml1/DTD/xhtml1-transitional.dtd">
<html xmlns="http://www.w3.org/1999/xhtml" xml:lang="en" lang="en">
 <head>
  <title>
</title>
<meta http-equiv="Content-Type" content="text/html;charset=utf-8" />
  <meta name='ocr-system' content='tesseract 3.04.00' />
  <meta name='ocr-capabilities' content='ocr_page ocr_carea ocr_par ocr_line ocrx_word'/>
</head>
<body>
  <div class='ocr_page' id='page_1' title='image "./lexicontechnolo01ernegoog_0441.png"; bbox 0 0 3534 5375; ppageno 0'>
   <div class='ocr_carea' id='block_1_1' title="bbox 721 628 1452 925">
    <p class='ocr_par' dir='ltr' id='par_1_1' title="bbox 721 628 1452 925">
     <span class='ocr_line' id='line_1_1' title="bbox 792 628 1452 778; baseline -0.002 -27"><span class='ocrx_word' id='word_1_1' title='bbox 792 681 826 751; x_wconf 77' lang='lat' dir='ltr'><strong>a</strong></span> <span class='ocrx_word' id='word_1_2' title='bbox 871 680 901 778; x_wconf 84' lang='lat' dir='ltr'><strong>u</strong></span> <span class='ocrx_word' id='word_1_3' title='bbox 940 682 975 749; x_wconf 85' lang='grc' dir='ltr'><strong>ιι</strong></span> <span class='ocrx_word' id='word_1_4' title='bbox 1248 628 1250 634; x_wconf 51' lang='grc'>’</span> <span class='ocrx_word' id='word_1_5' title='bbox 1307 694 1379 767; x_wconf 64' lang='lat' dir='ltr'><strong>aaa</strong></span> <span class='ocrx_word' id='word_1_6' title='bbox 1449 632 1452 645; x_wconf 72' lang='grc'><em>’</em></span> 
     </span>
     <span class='ocr_line' id='line_1_2' title="bbox 721 848 1452 925; baseline 0.011 -8"><span class='ocrx_word' id='word_1_7' title='bbox 721 848 1129 920; x_wconf 77' lang='lat' dir='ltr'><strong>Translatio.&#39;&#39;··&#39;&#39;</strong></span> <span class='ocrx_word' id='word_1_8' title='bbox 1211 915 1215 920; x_wconf 83' lang='lat'><strong>.</strong></span> <span class='ocrx_word' id='word_1_9' title='bbox 1337 900 1364 919; x_wconf 89' lang='lat'><strong>.·</strong></span> <span class='ocrx_word' id='word_1_10' title='bbox 1445 912 1452 925; x_wconf 86' lang='grc'><em>,</em></span> 
     </span>
    </p>
   </div>
   <div class='ocr_carea' id='block_1_2' title="bbox 372 966 1377 1312">
    <p class='ocr_par' dir='ltr' id='par_1_2' title="bbox 372 966 1377 1312">
     <span class='ocr_line' id='line_1_3' title="bbox 459 966 1377 1055; baseline 0.005 -22"><span class='ocrx_word' id='word_1_11' title='bbox 459 966 705 1051; x_wconf 77' lang='lat' dir='ltr'><strong>Quadruplicem</strong></span> <span class='ocrx_word' id='word_1_12' title='bbox 730 968 824 1034; x_wconf 91' lang='lat' dir='ltr'><strong>huius</strong></span> <span class='ocrx_word' id='word_1_13' title='bbox 851 971 995 1034; x_wconf 81' lang='lat' dir='ltr'><strong>vocabuli</strong></span> <span class='ocrx_word' id='word_1_14' title='bbox 1026 966 1114 1034; x_wconf 79' lang='lat' dir='ltr'><strong>nsum</strong></span> <span class='ocrx_word' id='word_1_15' title='bbox 1147 968 1181 1033; x_wconf 90' lang='lat' dir='ltr'><strong>in</strong></span> <span class='ocrx_word' id='word_1_16' title='bbox 1214 969 1377 1055; x_wconf 71' lang='lat' dir='ltr'><strong>disciplina</strong></span> 
     </span>
     <span class='ocr_line' id='line_1_4' title="bbox 373 1052 1377 1141; baseline 0.002 -21"><span class='ocrx_word' id='word_1_17' title='bbox 373 1052 560 1139; x_wconf 81' lang='lat' dir='ltr'><strong>Latinorum</strong></span> <span class='ocrx_word' id='word_1_18' title='bbox 586 1054 756 1121; x_wconf 78' lang='lat' dir='ltr'><strong>Rhetorica</strong></span> <span class='ocrx_word' id='word_1_19' title='bbox 783 1057 1056 1138; x_wconf 81' lang='lat' dir='ltr'><strong>deprehendimus.</strong></span> <span class='ocrx_word' id='word_1_20' title='bbox 1116 1056 1255 1121; x_wconf 89' lang='lat' dir='ltr'><strong>Primum</strong></span> <span class='ocrx_word' id='word_1_21' title='bbox 1279 1060 1313 1121; x_wconf 91' lang='lat' dir='ltr'><strong>in</strong></span> <span class='ocrx_word' id='word_1_22' title='bbox 1334 1078 1377 1141; x_wconf 88' lang='lat' dir='ltr'><strong>eo</strong></span> 
     </span>
     <span class='ocr_line' id='line_1_5' title="bbox 373 1139 1376 1227; baseline 0.002 -21"><span class='ocrx_word' id='word_1_23' title='bbox 373 1139 475 1227; x_wconf 83' lang='lat' dir='ltr'><strong>loco,</strong></span> <span class='ocrx_word' id='word_1_24' title='bbox 504 1143 616 1224; x_wconf 87' lang='lat' dir='ltr'><strong>quide</strong></span> <span class='ocrx_word' id='word_1_25' title='bbox 638 1139 783 1219; x_wconf 69' lang='lat' dir='ltr'><strong>imtibus‘,</strong></span> <span class='ocrx_word' id='word_1_26' title='bbox 815 1141 868 1207; x_wconf 88' lang='lat' dir='ltr'><strong>sen</strong></span> <span class='ocrx_word' id='word_1_27' title='bbox 896 1141 1003 1209; x_wconf 85' lang='lat' dir='ltr'><strong>causae</strong></span> <span class='ocrx_word' id='word_1_28' title='bbox 1024 1140 1300 1209; x_wconf 85' lang='lat' dir='ltr'><strong>constitutionibus</strong></span> <span class='ocrx_word' id='word_1_29' title='bbox 1324 1163 1376 1209; x_wconf 85' lang='lat' dir='ltr'><strong>ex·</strong></span> 
     </span>
     <span class='ocr_line' id='line_1_6' title="bbox 372 1227 1377 1312; baseline 0.002 -20"><span class='ocrx_word' id='word_1_30' title='bbox 372 1228 487 1312; x_wconf 90' lang='lat' dir='ltr'><strong>ponit,</strong></span> <span class='ocrx_word' id='word_1_31' title='bbox 517 1227 684 1293; x_wconf 72' lang='lat' dir='ltr'><strong>translatio</strong></span> <span class='ocrx_word' id='word_1_32' title='bbox 710 1228 885 1312; x_wconf 86' lang='lat' dir='ltr'><strong>appellatur</strong></span> <span class='ocrx_word' id='word_1_33' title='bbox 915 1248 986 1311; x_wconf 88' lang='lat' dir='ltr'><strong>pars</strong></span> <span class='ocrx_word' id='word_1_34' title='bbox 1016 1227 1249 1294; x_wconf 84' lang='lat' dir='ltr'><strong>constitutionis</strong></span> <span class='ocrx_word' id='word_1_35' title='bbox 1272 1228 1377 1312; x_wconf 88' lang='lat' dir='ltr'><strong>legiti·</strong></span> 
     </span>
    </p>
   </div>
   <div class='ocr_carea' id='block_1_3' title="bbox 374 1312 1504 1398">
    <p class='ocr_par' dir='ltr' id='par_1_3' title="bbox 374 1312 1504 1398">
     <span class='ocr_line' id='line_1_7' title="bbox 374 1312 1504 1398; baseline 0.004 -22"><span class='ocrx_word' id='word_1_36' title='bbox 374 1332 462 1389; x_wconf 86' lang='lat' dir='ltr'><strong>mae,</strong></span> <span class='ocrx_word' id='word_1_37' title='bbox 485 1333 540 1382; x_wconf 57' lang='lat' dir='ltr'><strong>,ex</strong></span> <span class='ocrx_word' id='word_1_38' title='bbox 558 1333 617 1398; x_wconf 86' lang='lat' dir='ltr'><strong>qua</strong></span> <span class='ocrx_word' id='word_1_39' title='bbox 645 1313 857 1385; x_wconf 85' lang='lat' dir='ltr'><strong>controuersia</strong></span> <span class='ocrx_word' id='word_1_40' title='bbox 883 1312 1050 1393; x_wconf 78' lang='lat' dir='ltr'><strong>nascitur,</strong></span> <span class='ocrx_word' id='word_1_41' title='bbox 1073 1332 1145 1378; x_wconf 85' lang='lat' dir='ltr'><strong>cum</strong></span> <span class='ocrx_word' id='word_1_42' title='bbox 1172 1325 1226 1378; x_wconf 82' lang='lat' dir='ltr'><strong>aut</strong></span> <span class='ocrx_word' id='word_1_43' title='bbox 1254 1320 1379 1398; x_wconf 75' lang='lat' dir='ltr'><strong>tempus</strong></span> <span class='ocrx_word' id='word_1_44' title='bbox 1499 1371 1504 1387; x_wconf 77' lang='grc'><strong>,</strong></span> 
     </span>
    </p>
   </div>
   <div class='ocr_carea' id='block_1_4' title="bbox 326 1396 1447 2428">
    <p class='ocr_par' dir='ltr' id='par_1_4' title="bbox 373 1396 1447 1739">
     <span class='ocr_line' id='line_1_8' title="bbox 373 1396 1379 1487; baseline 0.005 -24"><span class='ocrx_word' id='word_1_45' title='bbox 373 1396 601 1474; x_wconf 82' lang='lat' dir='ltr'><strong>differendum,</strong></span> <span class='ocrx_word' id='word_1_46' title='bbox 634 1408 687 1478; x_wconf 75' lang='lat' dir='ltr'><strong>aut</strong></span> <span class='ocrx_word' id='word_1_47' title='bbox 713 1399 924 1466; x_wconf 76' lang='lat' dir='ltr'><strong>accusatorem</strong></span> <span class='ocrx_word' id='word_1_48' title='bbox 949 1401 1151 1487; x_wconf 78' lang='lat' dir='ltr'><strong>mutandum,</strong></span> <span class='ocrx_word' id='word_1_49' title='bbox 1184 1407 1239 1464; x_wconf 87' lang='lat' dir='ltr'><strong>aut</strong></span> <span class='ocrx_word' id='word_1_50' title='bbox 1257 1399 1379 1468; x_wconf 84' lang='lat' dir='ltr'><strong>iudices</strong></span> 
     </span>
     <span class='ocr_line' id='line_1_9' title="bbox 376 1482 1447 1569; baseline 0.005 -22"><span class='ocrx_word' id='word_1_51' title='bbox 376 1485 547 1569; x_wconf 85' lang='lat' dir='ltr'><strong>mutandos</strong></span> <span class='ocrx_word' id='word_1_52' title='bbox 571 1482 645 1549; x_wconf 83' lang='lat' dir='ltr'><strong>reus</strong></span> <span class='ocrx_word' id='word_1_53' title='bbox 668 1485 756 1551; x_wconf 89' lang='lat' dir='ltr'><strong>dicit.</strong></span> <span class='ocrx_word' id='word_1_54' title='bbox 779 1485 834 1553; x_wconf 86' lang='lat' dir='ltr'><strong>Sic</strong></span> <span class='ocrx_word' id='word_1_55' title='bbox 853 1483 987 1552; x_wconf 69' lang='lat' dir='ltr'><strong>Autior.</strong></span> <span class='ocrx_word' id='word_1_56' title='bbox 1009 1487 1150 1561; x_wconf 83' lang='lat' dir='ltr'><strong>Herenn.</strong></span> <span class='ocrx_word' id='word_1_57' title='bbox 1167 1503 1199 1560; x_wconf 72' lang='grc' dir='ltr'><strong>ι,</strong></span> <span class='ocrx_word' id='word_1_58' title='bbox 1221 1498 1270 1550; x_wconf 68' lang='grc' dir='ltr'><strong>ιο.</strong></span> <span class='ocrx_word' id='word_1_59' title='bbox 1289 1486 1379 1552; x_wconf 83' lang='lat' dir='ltr'><strong>Idem</strong></span> <span class='ocrx_word' id='word_1_60' title='bbox 1444 1492 1447 1499; x_wconf 84' lang='lat'>&#39;</span> 
     </span>
     <span class='ocr_line' id='line_1_10' title="bbox 373 1569 1379 1657; baseline 0.002 -22"><span class='ocrx_word' id='word_1_61' title='bbox 373 1569 448 1635; x_wconf 75' lang='lat' dir='ltr'><strong>Lib.</strong></span> <span class='ocrx_word' id='word_1_62' title='bbox 468 1586 499 1648; x_wconf 84' lang='lat' dir='ltr'><strong>a,</strong></span> <span class='ocrx_word' id='word_1_63' title='bbox 523 1584 572 1635; x_wconf 81' lang='lat' dir='ltr'><strong>ta.</strong></span> <span class='ocrx_word' id='word_1_64' title='bbox 601 1572 662 1648; x_wconf 82' lang='lat' dir='ltr'><strong>,in</strong></span> <span class='ocrx_word' id='word_1_65' title='bbox 688 1571 960 1645; x_wconf 81' lang='lat' dir='ltr'><strong>translationibus,</strong></span> <span class='ocrx_word' id='word_1_66' title='bbox 983 1571 1106 1654; x_wconf 80' lang='lat' dir='ltr'><strong>inquit,</strong></span> <span class='ocrx_word' id='word_1_67' title='bbox 1120 1575 1290 1655; x_wconf 83' lang='lat' dir='ltr'><strong>&#39;quaeritur</strong></span> <span class='ocrx_word' id='word_1_68' title='bbox 1314 1573 1379 1657; x_wconf 85' lang='lat' dir='ltr'><strong>pri·</strong></span> 
     </span>
     <span class='ocr_line' id='line_1_11' title="bbox 375 1654 1380 1739; baseline 0.006 -21"><span class='ocrx_word' id='word_1_69' title='bbox 375 1661 487 1734; x_wconf 84' lang='lat' dir='ltr'><strong>mum,</strong></span> <span class='ocrx_word' id='word_1_70' title='bbox 505 1674 581 1719; x_wconf 88' lang='lat' dir='ltr'><strong>num</strong></span> <span class='ocrx_word' id='word_1_71' title='bbox 604 1656 716 1738; x_wconf 86' lang='lat' dir='ltr'><strong>aliquis</strong></span> <span class='ocrx_word' id='word_1_72' title='bbox 739 1659 807 1720; x_wconf 92' lang='lat' dir='ltr'><strong>eius</strong></span> <span class='ocrx_word' id='word_1_73' title='bbox 832 1659 880 1720; x_wconf 84' lang='lat' dir='ltr'><strong>rei</strong></span> <span class='ocrx_word' id='word_1_74' title='bbox 904 1654 1077 1733; x_wconf 72' lang='lat' dir='ltr'><strong>astionem,</strong></span> <span class='ocrx_word' id='word_1_75' title='bbox 1097 1657 1305 1739; x_wconf 84' lang='lat' dir='ltr'><strong>petitionem,</strong></span> <span class='ocrx_word' id='word_1_76' title='bbox 1325 1665 1380 1724; x_wconf 86' lang='lat' dir='ltr'><strong>nut</strong></span> 
     </span>
    </p>

    <p class='ocr_par' dir='ltr' id='par_1_5' title="bbox 326 1739 1387 2428">
     <span class='ocr_line' id='line_1_12' title="bbox 373 1739 1378 1827; baseline 0.007 -24"><span class='ocrx_word' id='word_1_77' title='bbox 373 1739 627 1825; x_wconf 79' lang='lat' dir='ltr'><strong>persecutionem</strong></span> <span class='ocrx_word' id='word_1_78' title='bbox 646 1741 774 1822; x_wconf 83' lang='lat' dir='ltr'><strong>habeat,</strong></span> <span class='ocrx_word' id='word_1_79' title='bbox 802 1763 894 1827; x_wconf 85' lang='lat' dir='ltr'><strong>qnam</strong></span> <span class='ocrx_word' id='word_1_80' title='bbox 921 1762 987 1814; x_wconf 85' lang='lat' dir='ltr'><strong>non</strong></span> <span class='ocrx_word' id='word_1_81' title='bbox 1019 1750 1182 1826; x_wconf 81' lang='lat' dir='ltr'><strong>oporteat:</strong></span> <span class='ocrx_word' id='word_1_82' title='bbox 1215 1761 1292 1806; x_wconf 89' lang='lat' dir='ltr'><strong>num</strong></span> <span class='ocrx_word' id='word_1_83' title='bbox 1311 1743 1378 1810; x_wconf 75' lang='lat' dir='ltr'><strong>alio</strong></span> 
     </span>
     <span class='ocr_line' id='line_1_13' title="bbox 326 1823 1381 1912; baseline 0.004 -22"><span class='ocrx_word' id='word_1_84' title='bbox 326 1823 334 1831; x_wconf 80' lang='grc'><strong><em>’</em></strong></span> <span class='ocrx_word' id='word_1_85' title='bbox 374 1829 492 1898; x_wconf 89' lang='lat' dir='ltr'><strong>modo,</strong></span> <span class='ocrx_word' id='word_1_86' title='bbox 515 1835 679 1908; x_wconf 86' lang='lat' dir='ltr'><strong>tempore,</strong></span> <span class='ocrx_word' id='word_1_87' title='bbox 702 1826 796 1903; x_wconf 86' lang='lat' dir='ltr'><strong>loco,</strong></span> <span class='ocrx_word' id='word_1_88' title='bbox 818 1847 895 1890; x_wconf 91' lang='lat' dir='ltr'><strong>num</strong></span> <span class='ocrx_word' id='word_1_89' title='bbox 914 1828 974 1892; x_wconf 85' lang='lat' dir='ltr'><strong>alia</strong></span> <span class='ocrx_word' id='word_1_90' title='bbox 993 1827 1083 1910; x_wconf 86' lang='lat' dir='ltr'><strong>lege,</strong></span> <span class='ocrx_word' id='word_1_91' title='bbox 1105 1828 1170 1893; x_wconf 80' lang='lat' dir='ltr'><strong>alio</strong></span> <span class='ocrx_word' id='word_1_92' title='bbox 1196 1835 1381 1912; x_wconf 78' lang='lat' dir='ltr'><strong>quaerente,</strong></span> 
     </span>
     <span class='ocr_line' id='line_1_14' title="bbox 373 1900 1387 1998; baseline 0.002 -22"><span class='ocrx_word' id='word_1_93' title='bbox 373 1911 429 1986; x_wconf 76' lang='lat' dir='ltr'><strong>a&#39;ut</strong></span> <span class='ocrx_word' id='word_1_94' title='bbox 447 1900 600 1998; x_wconf 44' lang='lat' dir='ltr'><strong>agentes</strong></span> <span class='ocrx_word' id='word_1_95' title='bbox 644 1912 748 1977; x_wconf 87' lang='lat' dir='ltr'><strong>Huius</strong></span> <span class='ocrx_word' id='word_1_96' title='bbox 770 1913 1022 1990; x_wconf 76' lang='lat' dir='ltr'><strong>constitutionis,</strong></span> <span class='ocrx_word' id='word_1_97' title='bbox 1042 1922 1133 1996; x_wconf 82' lang='lat' dir='ltr'><strong>qnam</strong></span> <span class='ocrx_word' id='word_1_98' title='bbox 1150 1911 1263 1981; x_wconf 85' lang='lat' dir='ltr'><strong>Graeci</strong></span> <span class='ocrx_word' id='word_1_99' title='bbox 1279 1909 1387 1996; x_wconf 47' lang='lat' dir='ltr'><strong>nerui*</strong></span> 
     </span>
     <span class='ocr_line' id='line_1_15' title="bbox 374 1998 1379 2079; baseline 0.007 -20"><span class='ocrx_word' id='word_1_100' title='bbox 374 1998 486 2078; x_wconf 53' lang='lat' dir='ltr'><strong>nura,</strong></span> <span class='ocrx_word' id='word_1_101' title='bbox 500 2008 670 2072; x_wconf 83' lang='lat' dir='ltr'><strong>vocarunt,</strong></span> <span class='ocrx_word' id='word_1_102' title='bbox 704 2001 820 2064; x_wconf 87' lang='lat' dir='ltr'><strong>Herma</strong></span> <span class='ocrx_word' id='word_1_103' title='bbox 846 2019 919 2064; x_wconf 84' lang='lat' dir='ltr'><strong>otas</strong></span> <span class='ocrx_word' id='word_1_104' title='bbox 949 2001 1101 2064; x_wconf 85' lang='lat' dir='ltr'><strong>inuentor</strong></span> <span class='ocrx_word' id='word_1_105' title='bbox 1137 1998 1379 2079; x_wconf 79' lang='lat' dir='ltr'><strong>existimabatur,</strong></span> 
     </span>
     <span class='ocr_line' id='line_1_16' title="bbox 374 2020 1379 2168; baseline 0.005 -22"><span class='ocrx_word' id='word_1_106' title='bbox 374 2086 466 2168; x_wconf 88' lang='lat' dir='ltr'><strong>quia,</strong></span> <span class='ocrx_word' id='word_1_107' title='bbox 481 2085 592 2165; x_wconf 80' lang='lat' dir='ltr'><strong>iudice</strong></span> <span class='ocrx_word' id='word_1_108' title='bbox 611 2083 756 2162; x_wconf 83' lang='lat' dir='ltr'><strong>Quintil·</strong></span> <span class='ocrx_word' id='word_1_109' title='bbox 768 2100 799 2165; x_wconf 79' lang='lat'><strong>3,</strong></span> <span class='ocrx_word' id='word_1_110' title='bbox 819 2020 851 2151; x_wconf 64' lang='lat' dir='ltr'><strong>h.</strong></span> <span class='ocrx_word' id='word_1_111' title='bbox 877 2085 998 2167; x_wconf 84' lang='lat' dir='ltr'><strong>primus</strong></span> <span class='ocrx_word' id='word_1_112' title='bbox 1017 2102 1086 2165; x_wconf 84' lang='lat' dir='ltr'><strong>eam</strong></span> <span class='ocrx_word' id='word_1_113' title='bbox 1111 2072 1379 2163; x_wconf 74' lang='lat' dir='ltr'><strong>animaduerterit,</strong></span> 
     </span>
     <span class='ocr_line' id='line_1_17' title="bbox 375 2168 1378 2249; baseline 0.006 -17"><span class='ocrx_word' id='word_1_114' title='bbox 375 2180 410 2233; x_wconf 92' lang='lat' dir='ltr'><strong>et</strong></span> <span class='ocrx_word' id='word_1_115' title='bbox 440 2172 473 2233; x_wconf 91' lang='lat' dir='ltr'><strong>in</strong></span> <span class='ocrx_word' id='word_1_116' title='bbox 503 2185 672 2233; x_wconf 88' lang='lat' dir='ltr'><strong>numerum</strong></span> <span class='ocrx_word' id='word_1_117' title='bbox 693 2168 957 2240; x_wconf 86' lang='lat' dir='ltr'><strong>constitutionum</strong></span> <span class='ocrx_word' id='word_1_118' title='bbox 981 2168 1134 2236; x_wconf 85' lang='lat' dir='ltr'><strong>retulerit.</strong></span> <span class='ocrx_word' id='word_1_119' title='bbox 1175 2196 1215 2235; x_wconf 74' lang='lat'><strong>.-</strong></span> <span class='ocrx_word' id='word_1_120' title='bbox 1252 2172 1378 2249; x_wconf 87' lang='lat' dir='ltr'><strong>Cicer0,</strong></span> 
     </span>
     <span class='ocr_line' id='line_1_18' title="bbox 374 2253 1381 2340; baseline 0.005 -23"><span class='ocrx_word' id='word_1_121' title='bbox 374 2256 427 2340; x_wconf 92' lang='lat' dir='ltr'><strong>qui</strong></span> <span class='ocrx_word' id='word_1_122' title='bbox 449 2259 582 2340; x_wconf 81' lang='lat' dir='ltr'><strong>&#39;quatuor</strong></span> <span class='ocrx_word' id='word_1_123' title='bbox 603 2253 763 2320; x_wconf 86' lang='lat' dir='ltr'><strong>causarum</strong></span> <span class='ocrx_word' id='word_1_124' title='bbox 784 2256 1026 2322; x_wconf 78' lang='lat' dir='ltr'><strong>constitutiones</strong></span> <span class='ocrx_word' id='word_1_125' title='bbox 1046 2256 1149 2321; x_wconf 80' lang='lat' dir='ltr'><strong>statuit</strong></span> <span class='ocrx_word' id='word_1_126' title='bbox 1174 2255 1243 2321; x_wconf 89' lang='lat' dir='ltr'><strong>Lib.</strong></span> <span class='ocrx_word' id='word_1_127' title='bbox 1263 2257 1304 2322; x_wconf 83' lang='lat' dir='ltr'><strong>de</strong></span> <span class='ocrx_word' id='word_1_128' title='bbox 1329 2258 1381 2322; x_wconf 86' lang='lat' dir='ltr'><strong>ln·</strong></span> 
     </span>
     <span class='ocr_line' id='line_1_19' title="bbox 375 2342 1378 2428; baseline 0.002 -24"><span class='ocrx_word' id='word_1_129' title='bbox 375 2350 459 2404; x_wconf 82' lang='lat' dir='ltr'><strong>vent.</strong></span> <span class='ocrx_word' id='word_1_130' title='bbox 485 2360 512 2416; x_wconf 86' lang='lat'><strong>1,</strong></span> <span class='ocrx_word' id='word_1_131' title='bbox 537 2357 583 2405; x_wconf 87' lang='grc' dir='ltr'><strong>ιι.</strong></span> <span class='ocrx_word' id='word_1_132' title='bbox 606 2343 826 2414; x_wconf 78' lang='lat' dir='ltr'><strong>translatiuum</strong></span> <span class='ocrx_word' id='word_1_133' title='bbox 854 2342 1130 2421; x_wconf 87' lang='lat' dir='ltr'><strong>constitutionem,</strong></span> <span class='ocrx_word' id='word_1_134' title='bbox 1170 2360 1261 2425; x_wconf 90' lang='lat' dir='ltr'><strong>quam</strong></span> <span class='ocrx_word' id='word_1_135' title='bbox 1289 2355 1378 2428; x_wconf 79' lang='lat' dir='ltr'><strong>quar·</strong></span> 
     </span>
    </p>
   </div>
   <div class='ocr_carea' id='block_1_5' title="bbox 375 2427 1473 2514">
    <p class='ocr_par' dir='ltr' id='par_1_6' title="bbox 375 2427 1473 2514">
     <span class='ocr_line' id='line_1_20' title="bbox 375 2427 1473 2514; baseline 0.003 -24"><span class='ocrx_word' id='word_1_136' title='bbox 375 2436 441 2491; x_wconf 81' lang='lat' dir='ltr'><strong>tum</strong></span> <span class='ocrx_word' id='word_1_137' title='bbox 470 2427 564 2514; x_wconf 74' lang='lat' dir='ltr'><strong>facit,</strong></span> <span class='ocrx_word' id='word_1_138' title='bbox 592 2428 745 2513; x_wconf 76' lang='lat' dir='ltr'><strong>appellat,</strong></span> <span class='ocrx_word' id='word_1_139' title='bbox 771 2448 848 2493; x_wconf 83' lang='lat' dir='ltr'><strong>cum</strong></span> <span class='ocrx_word' id='word_1_140' title='bbox 875 2437 1058 2513; x_wconf 75' lang='lat' dir='ltr'><strong>cuiquem,</strong></span> <span class='ocrx_word' id='word_1_141' title='bbox 1085 2436 1138 2492; x_wconf 87' lang='lat' dir='ltr'><strong>aut</strong></span> <span class='ocrx_word' id='word_1_142' title='bbox 1157 2429 1304 2513; x_wconf 78' lang='lat' dir='ltr'><strong>quicum,</strong></span> <span class='ocrx_word' id='word_1_143' title='bbox 1324 2436 1380 2501; x_wconf 78' lang='lat' dir='ltr'><strong>adt</strong></span> <span class='ocrx_word' id='word_1_144' title='bbox 1469 2461 1473 2468; x_wconf 91' lang='lat'><strong>·</strong></span> 
     </span>
    </p>
   </div>
   <div class='ocr_carea' id='block_1_6' title="bbox 360 2512 1457 2860">
    <p class='ocr_par' dir='ltr' id='par_1_7' title="bbox 360 2512 1457 2860">
     <span class='ocr_line' id='line_1_21' title="bbox 360 2512 1457 2599; baseline 0.002 -23"><span class='ocrx_word' id='word_1_145' title='bbox 360 2514 556 2597; x_wconf 78' lang='lat' dir='ltr'><strong>¹quomodo,</strong></span> <span class='ocrx_word' id='word_1_146' title='bbox 578 2524 633 2577; x_wconf 84' lang='lat' dir='ltr'><strong>aut</strong></span> <span class='ocrx_word' id='word_1_147' title='bbox 650 2515 733 2596; x_wconf 87' lang='lat' dir='ltr'><strong>apud</strong></span> <span class='ocrx_word' id='word_1_148' title='bbox 751 2532 849 2598; x_wconf 89' lang='lat' dir='ltr'><strong>quos,</strong></span> <span class='ocrx_word' id='word_1_149' title='bbox 876 2522 929 2578; x_wconf 87' lang='lat' dir='ltr'><strong>aut</strong></span> <span class='ocrx_word' id='word_1_150' title='bbox 947 2512 1113 2598; x_wconf 72' lang='lat' dir='ltr'><strong>quo&#39;iure,</strong></span> <span class='ocrx_word' id='word_1_151' title='bbox 1141 2522 1195 2597; x_wconf 76' lang='lat' dir='ltr'><strong>aut</strong></span> <span class='ocrx_word' id='word_1_152' title='bbox 1214 2533 1277 2599; x_wconf 90' lang='lat' dir='ltr'><strong>quo</strong></span> <span class='ocrx_word' id='word_1_153' title='bbox 1299 2522 1378 2578; x_wconf 90' lang='lat' dir='ltr'><strong>tem·</strong></span> <span class='ocrx_word' id='word_1_154' title='bbox 1452 2526 1457 2530; x_wconf 86' lang='grc'><strong>’</strong></span> 
     </span>
     <span class='ocr_line' id='line_1_22' title="bbox 374 2599 1379 2684; baseline 0.003 -22"><span class='ocrx_word' id='word_1_155' title='bbox 374 2619 454 2682; x_wconf 85' lang='lat' dir='ltr'><strong>pore</strong></span> <span class='ocrx_word' id='word_1_156' title='bbox 472 2619 569 2682; x_wconf 85' lang='lat' dir='ltr'><strong>agere</strong></span> <span class='ocrx_word' id='word_1_157' title='bbox 592 2606 763 2683; x_wconf 76' lang='lat' dir='ltr'><strong>oporteat,</strong></span> <span class='ocrx_word' id='word_1_158' title='bbox 780 2602 955 2684; x_wconf 81' lang='lat' dir='ltr'><strong>quaeritur,</strong></span> <span class='ocrx_word' id='word_1_159' title='bbox 976 2611 1030 2664; x_wconf 85' lang='lat' dir='ltr'><strong>aut</strong></span> <span class='ocrx_word' id='word_1_160' title='bbox 1048 2600 1182 2665; x_wconf 88' lang='lat' dir='ltr'><strong>omnino</strong></span> <span class='ocrx_word' id='word_1_161' title='bbox 1200 2599 1316 2684; x_wconf 88' lang='lat' dir='ltr'><strong>aliquid</strong></span> <span class='ocrx_word' id='word_1_162' title='bbox 1337 2600 1379 2665; x_wconf 89' lang='lat' dir='ltr'><strong>de</strong></span> 
     </span>
     <span class='ocr_line' id='line_1_23' title="bbox 373 2684 1380 2772; baseline 0.002 -23"><span class='ocrx_word' id='word_1_163' title='bbox 373 2685 624 2772; x_wconf 71' lang='lat' dir='ltr'><strong>commutatione</strong></span> <span class='ocrx_word' id='word_1_164' title='bbox 656 2697 711 2752; x_wconf 84' lang='lat' dir='ltr'><strong>aut</strong></span> <span class='ocrx_word' id='word_1_165' title='bbox 739 2685 953 2751; x_wconf 86' lang='lat' dir='ltr'><strong>infirmatione</strong></span> <span class='ocrx_word' id='word_1_166' title='bbox 984 2684 1119 2752; x_wconf 70' lang='lat' dir='ltr'><strong>astionis</strong></span> <span class='ocrx_word' id='word_1_167' title='bbox 1151 2686 1273 2771; x_wconf 81' lang='lat' dir='ltr'><strong>agitur,</strong></span> <span class='ocrx_word' id='word_1_168' title='bbox 1308 2686 1380 2771; x_wconf 78' lang='lat' dir='ltr'><strong>quia</strong></span> 
     </span>
     <span class='ocr_line' id='line_1_24' title="bbox 374 2769 1382 2860; baseline 0.002 -25"><span class='ocrx_word' id='word_1_169' title='bbox 374 2770 479 2849; x_wconf 72' lang='lat' dir='ltr'><strong>estio,</strong></span> <span class='ocrx_word' id='word_1_170' title='bbox 498 2780 532 2836; x_wconf 83' lang='lat' dir='ltr'><strong>rt</strong></span> <span class='ocrx_word' id='word_1_171' title='bbox 558 2772 602 2835; x_wconf 80' lang='lat' dir='ltr'><strong>uit</strong></span> <span class='ocrx_word' id='word_1_172' title='bbox 623 2769 698 2855; x_wconf 83' lang='lat' dir='ltr'><strong>Cap.</strong></span> <span class='ocrx_word' id='word_1_173' title='bbox 716 2780 751 2845; x_wconf 81' lang='lat'><strong>8.</strong></span> <span class='ocrx_word' id='word_1_174' title='bbox 771 2775 988 2839; x_wconf 76' lang='lat' dir='ltr'><strong>translationis</strong></span> <span class='ocrx_word' id='word_1_175' title='bbox 1006 2782 1059 2852; x_wconf 74' lang='lat' dir='ltr'><strong>eut</strong></span> <span class='ocrx_word' id='word_1_176' title='bbox 1078 2773 1321 2856; x_wconf 78' lang='lat' dir='ltr'><strong>commutationis</strong></span> <span class='ocrx_word' id='word_1_177' title='bbox 1335 2774 1382 2860; x_wconf 76' lang='lat' dir='ltr'><strong>ip·</strong></span> 
     </span>
    </p>
   </div>
   <div class='ocr_carea' id='block_1_7' title="bbox 376 2857 1494 3026">
    <p class='ocr_par' dir='ltr' id='par_1_8' title="bbox 376 2857 1494 3026">
     <span class='ocr_line' id='line_1_25' title="bbox 376 2857 1494 2942; baseline 0.003 -21"><span class='ocrx_word' id='word_1_178' title='bbox 376 2859 486 2939; x_wconf 87' lang='lat' dir='ltr'><strong>digere</strong></span> <span class='ocrx_word' id='word_1_179' title='bbox 504 2858 641 2919; x_wconf 87' lang='lat' dir='ltr'><strong>videtur.</strong></span> <span class='ocrx_word' id='word_1_180' title='bbox 659 2857 700 2920; x_wconf 89' lang='lat' dir='ltr'><strong>cs.</strong></span> <span class='ocrx_word' id='word_1_181' title='bbox 723 2858 790 2921; x_wconf 91' lang='lat' dir='ltr'><strong>Lib.</strong></span> <span class='ocrx_word' id='word_1_182' title='bbox 813 2877 843 2932; x_wconf 86' lang='lat'><strong>2,</strong></span> <span class='ocrx_word' id='word_1_183' title='bbox 872 2858 1071 2938; x_wconf 81' lang='lat' dir='ltr'><strong>19.·vbihoc</strong></span> <span class='ocrx_word' id='word_1_184' title='bbox 1098 2858 1206 2942; x_wconf 77' lang='lat' dir='ltr'><strong>genus</strong></span> <span class='ocrx_word' id='word_1_185' title='bbox 1230 2858 1381 2923; x_wconf 85' lang='lat' dir='ltr'><strong>constitn-</strong></span> <span class='ocrx_word' id='word_1_186' title='bbox 1492 2895 1494 2900; x_wconf 89' lang='lat'><em>·</em></span> 
     </span>
     <span class='ocr_line' id='line_1_26' title="bbox 376 2941 1480 3026; baseline 0.003 -22"><span class='ocrx_word' id='word_1_187' title='bbox 376 2944 494 3016; x_wconf 87' lang='lat' dir='ltr'><strong>tionis,</strong></span> <span class='ocrx_word' id='word_1_188' title='bbox 528 2961 601 3004; x_wconf 89' lang='lat' dir='ltr'><strong>cum</strong></span> <span class='ocrx_word' id='word_1_189' title='bbox 622 2942 703 3004; x_wconf 90' lang='lat' dir='ltr'><strong>locis</strong></span> <span class='ocrx_word' id='word_1_190' title='bbox 723 2941 803 3016; x_wconf 85' lang='lat' dir='ltr'><strong>suis,</strong></span> <span class='ocrx_word' id='word_1_191' title='bbox 836 2943 961 3005; x_wconf 84' lang='lat' dir='ltr'><strong>vberius</strong></span> <span class='ocrx_word' id='word_1_192' title='bbox 983 2944 1164 3026; x_wconf 77' lang='lat' dir='ltr'><strong>explicatur.</strong></span> <span class='ocrx_word' id='word_1_193' title='bbox 1222 2944 1380 3007; x_wconf 63' lang='lat' dir='ltr'><strong>Ceterum</strong></span> <span class='ocrx_word' id='word_1_194' title='bbox 1476 3019 1480 3024; x_wconf 28' lang='lat'>¹</span> 
     </span>
    </p>
   </div>
   <div class='ocr_carea' id='block_1_8' title="bbox 375 3020 1437 3796">
    <p class='ocr_par' dir='ltr' id='par_1_9' title="bbox 375 3020 1412 3626">
     <span class='ocr_line' id='line_1_27' title="bbox 376 3020 1380 3122; baseline 0 -31"><span class='ocrx_word' id='word_1_195' title='bbox 376 3028 462 3092; x_wconf 89' lang='lat' dir='ltr'><strong>idem</strong></span> <span class='ocrx_word' id='word_1_196' title='bbox 479 3026 544 3098; x_wconf 87' lang='lat' dir='ltr'><strong>hoc</strong></span> <span class='ocrx_word' id='word_1_197' title='bbox 567 3025 672 3104; x_wconf 82' lang='lat' dir='ltr'><strong>causae</strong></span> <span class='ocrx_word' id='word_1_198' title='bbox 693 3046 815 3109; x_wconf 87' lang='lat' dir='ltr'><strong>genus,</strong></span> <span class='ocrx_word' id='word_1_199' title='bbox 837 3027 952 3091; x_wconf 85' lang='lat' dir='ltr'><strong>Cicero</strong></span> <span class='ocrx_word' id='word_1_200' title='bbox 973 3028 1038 3091; x_wconf 81' lang='lat' dir='ltr'><strong>lc.</strong></span> <span class='ocrx_word' id='word_1_201' title='bbox 1061 3020 1315 3102; x_wconf 84' lang='lat' dir='ltr'><strong>obseruat,raro</strong></span> <span class='ocrx_word' id='word_1_202' title='bbox 1332 3031 1380 3122; x_wconf 70' lang='lat' dir='ltr'><strong>ltp-</strong></span> 
     </span>
     <span class='ocr_line' id='line_1_28' title="bbox 376 3111 1381 3196; baseline 0.001 -21"><span class='ocrx_word' id='word_1_203' title='bbox 376 3111 483 3177; x_wconf 85' lang='lat' dir='ltr'><strong>cidere</strong></span> <span class='ocrx_word' id='word_1_204' title='bbox 506 3120 685 3194; x_wconf 86' lang='lat' dir='ltr'><strong>propterea,</strong></span> <span class='ocrx_word' id='word_1_205' title='bbox 707 3112 800 3194; x_wconf 91' lang='lat' dir='ltr'><strong>quod·</strong></span> <span class='ocrx_word' id='word_1_206' title='bbox 814 3121 848 3174; x_wconf 89' lang='lat' dir='ltr'><strong>et</strong></span> <span class='ocrx_word' id='word_1_207' title='bbox 865 3113 1033 3196; x_wconf 84' lang='lat' dir='ltr'><strong>praetoriis</strong></span> <span class='ocrx_word' id='word_1_208' title='bbox 1052 3111 1293 3196; x_wconf 79' lang='lat' dir='ltr'><strong>exceptionibus</strong></span> <span class='ocrx_word' id='word_1_209' title='bbox 1305 3112 1381 3193; x_wconf 78' lang='lat' dir='ltr'><strong>(aa-</strong></span> 
     </span>
     <span class='ocr_line' id='line_1_29' title="bbox 376 3194 1381 3284; baseline 0.002 -24"><span class='ocrx_word' id='word_1_210' title='bbox 376 3194 565 3283; x_wconf 68' lang='lat' dir='ltr'><strong>pcnpntpnie)</strong></span> <span class='ocrx_word' id='word_1_211' title='bbox 586 3196 701 3259; x_wconf 86' lang='lat' dir='ltr'><strong>multae</strong></span> <span class='ocrx_word' id='word_1_212' title='bbox 721 3194 863 3261; x_wconf 71' lang='lat' dir='ltr'><strong>sitiones</strong></span> <span class='ocrx_word' id='word_1_213' title='bbox 892 3197 1113 3270; x_wconf 84' lang='lat' dir='ltr'><strong>excindantur,</strong></span> <span class='ocrx_word' id='word_1_214' title='bbox 1144 3198 1240 3261; x_wconf 89' lang='lat' dir='ltr'><strong>etita</strong></span> <span class='ocrx_word' id='word_1_215' title='bbox 1261 3198 1311 3262; x_wconf 88' lang='lat' dir='ltr'><strong>ius</strong></span> <span class='ocrx_word' id='word_1_216' title='bbox 1335 3199 1381 3284; x_wconf 72' lang='lat' dir='ltr'><strong>ci·</strong></span> 
     </span>
     <span class='ocr_line' id='line_1_30' title="bbox 375 3281 1382 3361; baseline 0.001 -13"><span class='ocrx_word' id='word_1_217' title='bbox 375 3283 441 3348; x_wconf 86' lang='lat' dir='ltr'><strong>vile</strong></span> <span class='ocrx_word' id='word_1_218' title='bbox 465 3282 603 3349; x_wconf 84' lang='lat' dir='ltr'><strong>Romani</strong></span> <span class='ocrx_word' id='word_1_219' title='bbox 629 3281 831 3355; x_wconf 86' lang='lat' dir='ltr'><strong>constitutum</strong></span> <span class='ocrx_word' id='word_1_220' title='bbox 858 3282 1008 3354; x_wconf 83' lang='lat' dir='ltr'><strong>habeant,</strong></span> <span class='ocrx_word' id='word_1_221' title='bbox 1050 3293 1084 3347; x_wconf 87' lang='lat' dir='ltr'><strong>vt</strong></span> <span class='ocrx_word' id='word_1_222' title='bbox 1109 3281 1206 3348; x_wconf 75' lang='lat' dir='ltr'><strong>causa·</strong></span> <span class='ocrx_word' id='word_1_223' title='bbox 1222 3284 1313 3347; x_wconf 83' lang='lat' dir='ltr'><strong>cadat</strong></span> <span class='ocrx_word' id='word_1_224' title='bbox 1339 3284 1382 3361; x_wconf 84' lang='lat' dir='ltr'><strong>is,</strong></span> 
     </span>
     <span class='ocr_line' id='line_1_31' title="bbox 376 3367 1382 3454; baseline 0.002 -23"><span class='ocrx_word' id='word_1_225' title='bbox 376 3371 430 3453; x_wconf 88' lang='lat' dir='ltr'><strong>qui</strong></span> <span class='ocrx_word' id='word_1_226' title='bbox 454 3368 824 3453; x_wconf 73' lang='lat' dir='ltr'><strong>¹non,&#39;quemadnaodum</strong></span> <span class='ocrx_word' id='word_1_227' title='bbox 848 3378 997 3454; x_wconf 88' lang='lat' dir='ltr'><strong>oportet,</strong></span> <span class='ocrx_word' id='word_1_228' title='bbox 1025 3370 1136 3453; x_wconf 77' lang='lat' dir='ltr'><strong>egerit.</strong></span> <span class='ocrx_word' id='word_1_229' title='bbox 1198 3368 1265 3434; x_wconf 86' lang='lat' dir='ltr'><strong>lllis</strong></span> <span class='ocrx_word' id='word_1_230' title='bbox 1291 3367 1382 3433; x_wconf 77' lang='lat' dir='ltr'><strong>exce-</strong></span> 
     </span>
     <span class='ocr_line' id='line_1_32' title="bbox 376 3451 1382 3541; baseline 0.002 -22"><span class='ocrx_word' id='word_1_231' title='bbox 376 3451 540 3541; x_wconf 88' lang='lat' dir='ltr'><strong>ptionibus</strong></span> <span class='ocrx_word' id='word_1_232' title='bbox 561 3455 755 3518; x_wconf 86' lang='lat' dir='ltr'><strong>contrarium</strong></span> <span class='ocrx_word' id='word_1_233' title='bbox 776 3451 837 3527; x_wconf 82' lang='lat' dir='ltr'><strong>eti,</strong></span> <span class='ocrx_word' id='word_1_234' title='bbox 888 3456 949 3518; x_wconf 93' lang='lat' dir='ltr'><strong>uod</strong></span> <span class='ocrx_word' id='word_1_235' title='bbox 971 3454 1242 3536; x_wconf 80' lang='lat' dir='ltr'><strong>iudicinm&#39;purnn&#39;i</strong></span> <span class='ocrx_word' id='word_1_236' title='bbox 1267 3454 1382 3521; x_wconf 86' lang='lat' dir='ltr'><strong>Cicero</strong></span> 
     </span>
     <span class='ocr_line' id='line_1_33' title="bbox 376 3473 1412 3626; baseline 0 -19"><span class='ocrx_word' id='word_1_237' title='bbox 376 3542 399 3607; x_wconf 90' lang='lat' dir='ltr'><strong>l.</strong></span> <span class='ocrx_word' id='word_1_238' title='bbox 421 3563 448 3606; x_wconf 91' lang='lat' dir='ltr'><strong>c.</strong></span> <span class='ocrx_word' id='word_1_239' title='bbox 469 3540 545 3623; x_wconf 86' lang='lat' dir='ltr'><strong>Cap.</strong></span> <span class='ocrx_word' id='word_1_240' title='bbox 566 3545 618 3604; x_wconf 83' lang='lat'><strong>2&#39;0.</strong></span> <span class='ocrx_word' id='word_1_241' title='bbox 639 3540 795 3623; x_wconf 78' lang='lat' dir='ltr'><strong>appellat,</strong></span> <span class='ocrx_word' id='word_1_242' title='bbox 829 3473 989 3604; x_wconf 64' lang='lat' dir='ltr'><strong>athanasia</strong></span> <span class='ocrx_word' id='word_1_243' title='bbox 1015 3540 1227 3614; x_wconf 81' lang='lat' dir='ltr'><strong>Graecorum,</strong></span> <span class='ocrx_word' id='word_1_244' title='bbox 1263 3541 1303 3604; x_wconf 89' lang='lat' dir='ltr'><strong>de</strong></span> <span class='ocrx_word' id='word_1_245' title='bbox 1322 3560 1382 3626; x_wconf 76' lang='lat' dir='ltr'><strong>qua</strong></span> <span class='ocrx_word' id='word_1_246' title='bbox 1409 3593 1412 3597; x_wconf 87' lang='lat'><strong>.</strong></span> 
     </span>
    </p>

    <p class='ocr_par' dir='ltr' id='par_1_10' title="bbox 377 3621 1437 3796">
     <span class='ocr_line' id='line_1_34' title="bbox 377 3621 1437 3711; baseline -0.005 -20"><span class='ocrx_word' id='word_1_247' title='bbox 377 3629 442 3691; x_wconf 84' lang='lat' dir='ltr'><strong>vid.</strong></span> <span class='ocrx_word' id='word_1_248' title='bbox 470 3628 546 3691; x_wconf 87' lang='lat' dir='ltr'><strong>Lex.</strong></span> <span class='ocrx_word' id='word_1_249' title='bbox 569 3647 623 3711; x_wconf 71' lang='lat' dir='ltr'><strong>gr.</strong></span> <span class='ocrx_word' id='word_1_250' title='bbox 650 3625 790 3691; x_wconf 86' lang='lat' dir='ltr'><strong>technol.</strong></span> <span class='ocrx_word' id='word_1_251' title='bbox 820 3627 856 3708; x_wconf 84' lang='lat' dir='ltr'><strong>in</strong></span> <span class='ocrx_word' id='word_1_252' title='bbox 878 3621 1064 3710; x_wconf 70' lang='grc' dir='ltr'><strong>μετάληψις.</strong></span> <span class='ocrx_word' id='word_1_253' title='bbox 1095 3652 1139 3676; x_wconf 77' lang='grc' dir='ltr'><strong>ι·-</strong></span> <span class='ocrx_word' id='word_1_254' title='bbox 1164 3627 1381 3703; x_wconf 72' lang='lat' dir='ltr'><strong>Quintilianus</strong></span> <span class='ocrx_word' id='word_1_255' title='bbox 1414 3680 1437 3689; x_wconf 70' lang='grc'><strong>,,</strong></span> 
     </span>
     <span class='ocr_line' id='line_1_35' title="bbox 378 3712 1380 3796; baseline -0.002 -18"><span class='ocrx_word' id='word_1_256' title='bbox 378 3714 448 3779; x_wconf 89' lang='lat' dir='ltr'><strong>Lib.</strong></span> <span class='ocrx_word' id='word_1_257' title='bbox 474 3729 506 3793; x_wconf 84' lang='lat'><strong>7,</strong></span> <span class='ocrx_word' id='word_1_258' title='bbox 535 3725 562 3793; x_wconf 79' lang='lat'><strong>5.</strong></span> <span class='ocrx_word' id='word_1_259' title='bbox 589 3722 722 3796; x_wconf 78' lang='lat' dir='ltr'><strong>quatuor</strong></span> <span class='ocrx_word' id='word_1_260' title='bbox 749 3714 803 3778; x_wconf 84' lang='lat' dir='ltr'><strong>ista</strong></span> <span class='ocrx_word' id='word_1_261' title='bbox 832 3712 1093 3777; x_wconf 89' lang='lat' dir='ltr'><strong>constitutionum</strong></span> <span class='ocrx_word' id='word_1_262' title='bbox 1120 3732 1240 3795; x_wconf 82' lang='lat' dir='ltr'><strong>genera</strong></span> <span class='ocrx_word' id='word_1_263' title='bbox 1264 3712 1307 3775; x_wconf 82' lang='lat' dir='ltr'><strong>ita</strong></span> <span class='ocrx_word' id='word_1_264' title='bbox 1327 3713 1380 3776; x_wconf 82' lang='lat' dir='ltr'><strong>de·</strong></span> 
     </span>
    </p>
   </div>
   <div class='ocr_carea' id='block_1_9' title="bbox 377 3793 1501 3881">
    <p class='ocr_par' dir='ltr' id='par_1_11' title="bbox 377 3793 1501 3881">
     <span class='ocr_line' id='line_1_36' title="bbox 377 3793 1501 3881; baseline 0 -19"><span class='ocrx_word' id='word_1_265' title='bbox 377 3793 501 3862; x_wconf 78' lang='lat' dir='ltr'><strong>scribit:</strong></span> <span class='ocrx_word' id='word_1_266' title='bbox 520 3834 539 3873; x_wconf 57' lang='grc' dir='ltr'><strong>ρ</strong></span> <span class='ocrx_word' id='word_1_267' title='bbox 551 3798 616 3874; x_wconf 83' lang='lat' dir='ltr'><strong>Qui</strong></span> <span class='ocrx_word' id='word_1_268' title='bbox 636 3815 738 3879; x_wconf 86' lang='lat' dir='ltr'><strong>neque</strong></span> <span class='ocrx_word' id='word_1_269' title='bbox 756 3795 860 3861; x_wconf 85' lang='lat' dir='ltr'><strong>secisse</strong></span> <span class='ocrx_word' id='word_1_270' title='bbox 880 3797 1061 3881; x_wconf 79' lang='lat' dir='ltr'><strong>senegabit</strong></span> <span class='ocrx_word' id='word_1_271' title='bbox 1079 3798 1151 3880; x_wconf 88' lang='lat' dir='ltr'><strong>(per</strong></span> <span class='ocrx_word' id='word_1_272' title='bbox 1172 3796 1281 3861; x_wconf 81' lang='lat' dir='ltr'><strong>statum</strong></span> <span class='ocrx_word' id='word_1_273' title='bbox 1304 3813 1381 3862; x_wconf 85' lang='lat' dir='ltr'><strong>con·</strong></span> <span class='ocrx_word' id='word_1_274' title='bbox 1403 3826 1408 3840; x_wconf 87' lang='lat'><strong>·</strong></span> <span class='ocrx_word' id='word_1_275' title='bbox 1443 3805 1460 3865; x_wconf 79' lang='grc'><strong>’,</strong></span> <span class='ocrx_word' id='word_1_276' title='bbox 1498 3865 1501 3876; x_wconf 88' lang='lat'><strong>.</strong></span> 
     </span>
    </p>
   </div>
   <div class='ocr_carea' id='block_1_10' title="bbox 370 3879 1383 4482">
    <p class='ocr_par' dir='ltr' id='par_1_12' title="bbox 370 3879 1383 4482">
     <span class='ocr_line' id='line_1_37' title="bbox 379 3879 1382 3971; baseline -0.001 -23"><span class='ocrx_word' id='word_1_277' title='bbox 379 3882 561 3948; x_wconf 76' lang='lat' dir='ltr'><strong>iesturalem</strong></span> <span class='ocrx_word' id='word_1_278' title='bbox 581 3882 602 3945; x_wconf 92' lang='lat' dir='ltr'><strong>s.</strong></span> <span class='ocrx_word' id='word_1_279' title='bbox 626 3881 805 3963; x_wconf 81' lang='lat' dir='ltr'><strong>infitialem)</strong></span> <span class='ocrx_word' id='word_1_280' title='bbox 831 3883 1029 3967; x_wconf 84' lang='lat' dir='ltr'><strong>nequealiud</strong></span> <span class='ocrx_word' id='word_1_281' title='bbox 1049 3880 1129 3971; x_wconf 74' lang='lat' dir='ltr'><strong>esse,</strong></span> <span class='ocrx_word' id='word_1_282' title='bbox 1150 3883 1235 3967; x_wconf 90' lang='lat' dir='ltr'><strong>quod</strong></span> <span class='ocrx_word' id='word_1_283' title='bbox 1256 3879 1382 3963; x_wconf 78' lang='lat' dir='ltr'><strong>fecerit,</strong></span> 
     </span>
     <span class='ocr_line' id='line_1_38' title="bbox 380 3963 1383 4052; baseline 0.001 -19"><span class='ocrx_word' id='word_1_284' title='bbox 380 3971 483 4047; x_wconf 89' lang='lat' dir='ltr'><strong>dicet,</strong></span> <span class='ocrx_word' id='word_1_285' title='bbox 511 3967 583 4051; x_wconf 88' lang='lat' dir='ltr'><strong>(per</strong></span> <span class='ocrx_word' id='word_1_286' title='bbox 614 3968 723 4031; x_wconf 86' lang='lat' dir='ltr'><strong>statum</strong></span> <span class='ocrx_word' id='word_1_287' title='bbox 749 3968 922 4049; x_wconf 83' lang='lat' dir='ltr'><strong>tinitihum)</strong></span> <span class='ocrx_word' id='word_1_288' title='bbox 947 3987 1050 4052; x_wconf 87' lang='lat' dir='ltr'><strong>neque</strong></span> <span class='ocrx_word' id='word_1_289' title='bbox 1082 3963 1198 4035; x_wconf 76' lang='lat' dir='ltr'><strong>setium</strong></span> <span class='ocrx_word' id='word_1_290' title='bbox 1229 3967 1383 4044; x_wconf 81' lang='lat' dir='ltr'><strong>defendet</strong></span> 
     </span>
     <span class='ocr_line' id='line_1_39' title="bbox 379 4050 1383 4141; baseline -0.001 -22"><span class='ocrx_word' id='word_1_291' title='bbox 379 4054 452 4139; x_wconf 87' lang='lat' dir='ltr'><strong>(per</strong></span> <span class='ocrx_word' id='word_1_292' title='bbox 471 4053 583 4130; x_wconf 81' lang='lat' dir='ltr'><strong>statum</strong></span> <span class='ocrx_word' id='word_1_293' title='bbox 602 4053 771 4136; x_wconf 75' lang='lat' dir='ltr'><strong>qualitatis)</strong></span> <span class='ocrx_word' id='word_1_294' title='bbox 791 4053 912 4118; x_wconf 79' lang='lat' dir='ltr'><strong>necesse</strong></span> <span class='ocrx_word' id='word_1_295' title='bbox 932 4052 991 4129; x_wconf 87' lang='lat' dir='ltr'><strong>est,</strong></span> <span class='ocrx_word' id='word_1_296' title='bbox 1020 4055 1051 4117; x_wconf 80' lang='lat' dir='ltr'><strong>in</strong></span> <span class='ocrx_word' id='word_1_297' title='bbox 1067 4050 1127 4136; x_wconf 83' lang='lat' dir='ltr'><strong>suo</strong></span> <span class='ocrx_word' id='word_1_298' title='bbox 1152 4055 1383 4141; x_wconf 63' lang='lat' dir='ltr'><strong>iureconsultus,</strong></span> 
     </span>
     <span class='ocr_line' id='line_1_40' title="bbox 379 4137 1382 4224; baseline -0.002 -20"><span class='ocrx_word' id='word_1_299' title='bbox 379 4142 414 4204; x_wconf 89' lang='lat' dir='ltr'><strong>in</strong></span> <span class='ocrx_word' id='word_1_300' title='bbox 437 4160 501 4224; x_wconf 92' lang='lat' dir='ltr'><strong>quo</strong></span> <span class='ocrx_word' id='word_1_301' title='bbox 520 4141 704 4223; x_wconf 85' lang='lat' dir='ltr'><strong>plerumque</strong></span> <span class='ocrx_word' id='word_1_302' title='bbox 726 4141 770 4204; x_wconf 80' lang='lat' dir='ltr'><strong>eli</strong></span> <span class='ocrx_word' id='word_1_303' title='bbox 789 4139 917 4205; x_wconf 72' lang='lat' dir='ltr'><strong>astionis</strong></span> <span class='ocrx_word' id='word_1_304' title='bbox 943 4137 1109 4224; x_wconf 76' lang='lat' dir='ltr'><strong>quaesito.“</strong></span> <span class='ocrx_word' id='word_1_305' title='bbox 1159 4139 1266 4211; x_wconf 87' lang='lat' dir='ltr'><strong>Alibi,</strong></span> <span class='ocrx_word' id='word_1_306' title='bbox 1290 4149 1382 4221; x_wconf 78' lang='lat' dir='ltr'><strong>quam</strong></span> 
     </span>
     <span class='ocr_line' id='line_1_41' title="bbox 370 4223 1381 4309; baseline 0 -21"><span class='ocrx_word' id='word_1_307' title='bbox 370 4235 466 4288; x_wconf 76' lang='lat' dir='ltr'><strong>‘nunc</strong></span> <span class='ocrx_word' id='word_1_308' title='bbox 486 4225 621 4292; x_wconf 68' lang='lat' dir='ltr'><strong>astionis</strong></span> <span class='ocrx_word' id='word_1_309' title='bbox 642 4226 853 4309; x_wconf 85' lang='lat' dir='ltr'><strong>quaestionem</strong></span> <span class='ocrx_word' id='word_1_310' title='bbox 869 4227 956 4304; x_wconf 81' lang='lat' dir='ltr'><strong>dicit,</strong></span> <span class='ocrx_word' id='word_1_311' title='bbox 978 4224 1210 4289; x_wconf 77' lang='lat' dir='ltr'><strong>translationum</strong></span> <span class='ocrx_word' id='word_1_312' title='bbox 1224 4243 1296 4286; x_wconf 88' lang='lat' dir='ltr'><strong>cum</strong></span> <span class='ocrx_word' id='word_1_313' title='bbox 1311 4223 1381 4290; x_wconf 82' lang='lat' dir='ltr'><strong>aliis</strong></span> 
     </span>
     <span class='ocr_line' id='line_1_42' title="bbox 378 4299 1381 4402; baseline -0.006 -23"><span class='ocrx_word' id='word_1_314' title='bbox 378 4305 570 4379; x_wconf 78' lang='lat' dir='ltr'><strong>Rhetoribus</strong></span> <span class='ocrx_word' id='word_1_315' title='bbox 597 4312 784 4394; x_wconf 80' lang='lat' dir='ltr'><strong>appellauit,</strong></span> <span class='ocrx_word' id='word_1_316' title='bbox 812 4319 846 4373; x_wconf 89' lang='lat' dir='ltr'><strong>vt</strong></span> <span class='ocrx_word' id='word_1_317' title='bbox 873 4312 940 4375; x_wconf 88' lang='lat' dir='ltr'><strong>Lib.</strong></span> <span class='ocrx_word' id='word_1_318' title='bbox 957 4324 992 4388; x_wconf 75' lang='lat'><strong>3,</strong></span> <span class='ocrx_word' id='word_1_319' title='bbox 1014 4306 1045 4371; x_wconf 89' lang='lat'><strong>6.</strong></span> <span class='ocrx_word' id='word_1_320' title='bbox 1067 4308 1118 4384; x_wconf 83' lang='lat'><strong>68.</strong></span> <span class='ocrx_word' id='word_1_321' title='bbox 1139 4317 1191 4392; x_wconf 82' lang='lat'><strong>83.</strong></span> <span class='ocrx_word' id='word_1_322' title='bbox 1213 4311 1290 4372; x_wconf 88' lang='lat' dir='ltr'><strong>item</strong></span> <span class='ocrx_word' id='word_1_323' title='bbox 1312 4299 1381 4402; x_wconf 70' lang='lat' dir='ltr'><strong>Lih.</strong></span> 
     </span>
     <span class='ocr_line' id='line_1_43' title="bbox 383 4390 1381 4482; baseline 0.001 -23"><span class='ocrx_word' id='word_1_324' title='bbox 383 4412 415 4480; x_wconf 80' lang='lat'><strong>5,</strong></span> <span class='ocrx_word' id='word_1_325' title='bbox 438 4398 487 4476; x_wconf 80' lang='lat'><strong>1&#39;3.</strong></span> <span class='ocrx_word' id='word_1_326' title='bbox 512 4397 643 4482; x_wconf 51' lang='lat' dir='ltr'><strong>&amp;Eius</strong></span> <span class='ocrx_word' id='word_1_327' title='bbox 663 4390 904 4480; x_wconf 72' lang='lat' dir='ltr'><strong>disceptationis</strong></span> <span class='ocrx_word' id='word_1_328' title='bbox 927 4397 1004 4472; x_wconf 77' lang='lat' dir='ltr'><strong>duan</strong></span> <span class='ocrx_word' id='word_1_329' title='bbox 1029 4394 1149 4462; x_wconf 77' lang='lat' dir='ltr'><strong>sorma’s</strong></span> <span class='ocrx_word' id='word_1_330' title='bbox 1168 4394 1264 4469; x_wconf 87' lang='lat' dir='ltr'><strong>saeit,</strong></span> <span class='ocrx_word' id='word_1_331' title='bbox 1287 4398 1381 4460; x_wconf 81' lang='lat' dir='ltr'><strong>inten-</strong></span> 
     </span>
    </p>
   </div>
   <div class='ocr_carea' id='block_1_11' title="bbox 337 4475 1485 4652">
    <p class='ocr_par' dir='ltr' id='par_1_13' title="bbox 337 4471 1485 4652">
     <span class='ocr_line' id='line_1_44' title="bbox 337 4475 1382 4634; baseline 0.025 -112"><span class='ocrx_word' id='word_1_332' title='bbox 337 4516 341 4522; x_wconf 79' lang='grc'>,</span> <span class='ocrx_word' id='word_1_333' title='bbox 373 4477 617 4586; x_wconf 28' lang='lat' dir='ltr'><strong>ninutas-&#39;qm</strong></span> <span class='ocrx_word' id='word_1_334' title='bbox 637 4479 682 4547; x_wconf 76' lang='lat' dir='ltr'><strong>est</strong></span> <span class='ocrx_word' id='word_1_335' title='bbox 700 4477 817 4548; x_wconf 62' lang='lat' dir='ltr'><strong>adoris</strong></span> <span class='ocrx_word' id='word_1_336' title='bbox 836 4481 909 4633; x_wconf 56' lang='lat' dir='ltr'><strong>veli)</strong></span> <span class='ocrx_word' id='word_1_337' title='bbox 917 4481 1089 4631; x_wconf 54' lang='lat' dir='ltr'><strong>pegitotlsf</strong></span> <span class='ocrx_word' id='word_1_338' title='bbox 1114 4475 1382 4634; x_wconf 47' lang='lat' dir='ltr'><strong>&#39;etpracstrip‘ttih</strong></span> 
     </span>
     <span class='ocr_line' id='line_1_45' title="bbox 367 4586 1485 4652; baseline 0.011 -29"><span class='ocrx_word' id='word_1_339' title='bbox 367 4606 379 4625; x_wconf 79' lang='lat'><strong>..</strong></span> <span class='ocrx_word' id='word_1_340' title='bbox 599 4588 627 4638; x_wconf 74' lang='grc'><strong>,·</strong></span> <span class='ocrx_word' id='word_1_341' title='bbox 683 4599 686 4606; x_wconf 92' lang='lat'><em>·</em></span> <span class='ocrx_word' id='word_1_342' title='bbox 915 4587 935 4631; x_wconf 91' lang='lat' dir='ltr'><strong>c</strong></span> <span class='ocrx_word' id='word_1_343' title='bbox 1273 4632 1278 4641; x_wconf 82' lang='grc'>,</span> <span class='ocrx_word' id='word_1_344' title='bbox 1324 4586 1385 4652; x_wconf 75' lang='lat' dir='ltr'><strong>rm,</strong></span> <span class='ocrx_word' id='word_1_345' title='bbox 1483 4631 1485 4636; x_wconf 80' lang='grc'>,</span> 
     </span>
    </p>
   </div>
   <div class='ocr_carea' id='block_1_12' title="bbox 0 0 1779 5375">
    <p class='ocr_par' dir='ltr' id='par_1_14' title="bbox 0 0 1779 5375">
     <span class='ocr_line' id='line_1_46' title="bbox 0 0 1779 5375; baseline 0 0"><span class='ocrx_word' id='word_1_346' title='bbox 0 0 1779 5375; x_wconf 95' lang='lat' dir='ltr'><strong> </strong></span> 
     </span>
    </p>
   </div>
  </div>
 </body>
</html>
