3534 5375
671 691 674 696 .
753 603 992 727 suth
1322 610 1381 703 uz

378 800 452 847 curn
474 779 565 847 limiti
581 782 742 851 ¹orationis
761 782 867 848 habitu
892 802 1073 866 comparare
1095 783 1285 860 studuerunt.
1312 785 1379 855 iam
1414 830 1418 841 ·

376 869 413 931 in
435 868 587 933 hilaritate
606 871 683 932 haec
704 872 764 938 tria
785 870 911 946 insunt,
924 878 960 931 vt
1006 871 1036 941 1)
1057 870 1095 931 ad
1116 872 1217 934 facete
1239 873 1377 952 dicendi,

372 953 565 1036 iocartdique
586 955 637 1018 vel
657 955 819 1037 leporem,
838 956 889 1018 vel
909 957 1113 1039 petulantiam
1134 958 1285 1038 quandam
1307 979 1381 1042 pro·
1405 1000 1410 1007 ,

378 1056 441 1112 nos
462 1041 607 1104 homines
625 1040 752 1115 reddat3
783 1043 818 1121 2)
838 1044 985 1106 iucundis
1013 1042 1148 1109 maxime
1176 1038 1309 1105 sentibus
1333 1046 1379 1108 in·
1445 1074 1451 1093 ι·

377 1120 491 1188 seruiat
498 1146 508 1199 ;
555 1129 588 1205 3)
608 1128 646 1189 in·
671 1123 817 1190 oratione
841 1129 974 1192 liberius
997 1124 1218 1210 copiofiusque
1238 1131 1379 1211 euagari,
1420 1147 1424 1155 ’
1474 1198 1476 1203 ,

377 1227 470 1292 quam
491 1208 588 1293 prelia
611 1214 831 1295 moderataque
853 1213 1005 1277 breuitate
1028 1212 1073 1291 uti
1095 1212 1191 1296 malit.
1254 1214 1314 1277 His
1335 1218 1379 1281 ita
1465 1232 1469 1238 ·

371 1296 572 1375 constitutis,
595 1295 733 1374 tertius,
748 1299 955 1384 --certtusqua
984 1317 1059 1381 quas
1085 1296 1241 1361 orationis
1258 1296 1378 1366 formae

378 1378 535 1446 Rhetores
555 1383 676 1461 Latini,
697 1383 751 1461 ista
770 1379 943 1457 hilaritatis
963 1381 1147 1466 metaphora
1176 1381 1234 1448 vii.
1262 1380 1379 1465 fignifi-

377 1468 493 1541 cariat,
516 1467 648 1533 delinire
670 1466 869 1551 polla-nobis
899 1468 1088 1550 videbamur.
1146 1468 1275 1534 Accidit
1293 1472 1380 1539 enim

376 1552 471 1618 uobis
490 1563 524 1616 et
546 1573 647 1631 nunc,
669 1555 755 1639 quod
774 1554 807 1616 in
828 1573 918 1636 quam
941 1554 1085 1635 piurimis
1109 1554 1189 1618 locis
1212 1554 1379 1621 technolo·

376 1637 462 1718 giam
491 1639 681 1709 rhetoricam
709 1640 894 1706 habentibus
920 1641 1046 1721 experti
1064 1639 1186 1712 sumus,
1229 1649 1262 1703 vt
1283 1641 1381 1707 inter-

376 1732 503 1804 pretes,
521 1727 615 1789 etiam
637 1722 791 1797 summos,
806 1726 867 1793 ·.·vel
888 1724 1030 1800 silentes,
1052 1728 1102 1790 vel
1123 1730 1265 1790 errantes
1287 1746 1379 1809 repe.

376 1809 520 1879 riremus.
563 1808 733 1885 Cicereio
753 1811 841 1881 Orat
865 1829 914 1887 νο.
940 1831 1014 1875 cum
1028 1809 1095 1875 ‘fibi
1117 1809 1181 1894 ipse
1201 1812 1382 1893 exprobrat}

376 1890 423 1957 set
444 1895 615 1967 iuuenilem
631 1895 719 1958 illum
740 1900 902 1971 ardorem,
939 1897 1021 1960 vnde
1043 1898 1076 1960 in
1098 1896 1205 1960 multis
1227 1898 1382 1963 orationi,

378 1966 437 2043 bbs
458 1978 528 2054 suis,
549 1989 582 2043 et
601 1981 633 2043 in
652 1980 803 2057 Rosciana
824 1984 970 2064 inprimis
990 1984 1087 2046 nimia
1103 1984 1308 2048 redundantia
1327 2005 1381 2047 or-

376 2070 408 2124 ta
427 2061 517 2140 effet,
545 2066 622 2130 haec
642 2067 766 2143 deinde,
779 2067 944 2142 excusandi
965 2069 1009 2130 sui
1032 2067 1120 2130 caula
1140 2069 1244 2130 addita
1283 2068 1381 2147 „Neo

378 2167 456 2215 uero
486 2152 538 2214 hic
570 2171 650 2216 vnua
676 2155 863 2225 erat-ardor
891 2156 940 2216 in-
962 2154 1072 2223 nobis,
1114 2164 1147 2213 vt
1181 2152 1243 2215 hoc
1279 2156 1380 2219 modo
1415 2172 1418 2179 ’

376 2238 485 2305 omnia
502 2238 709 2302 diceremus..
741 2233 806 2319 Ipsa
834 2240 990 2303 animilia
1011 2258 1071 2320 pro
1093 2235 1208 2302 Roscio
1229 2238 1382 2306 iuuenilis
1452 2300 1454 2304 ,

375 2321 598 2398 redundantia,
643 2318 740 2387 muita
765 2322 858 2387 habet
884 2333 1063 2397 attenuata,
1106 2324 1257 2407 quaedam
1284 2324 1385 2399 etiam

376 2407 486 2488 paullo
511 2407 684 2480 hilariora,-
721 2418 753 2473 vt
777 2429 837 2490 pro
864 2411 985 2487 Auito,
1012 2428 1072 2492 pro
1100 2408 1269 2483 Cornelio,
1292 2429 1382 2473 com·

376 2491 545 2576 pluresque
564 2495 683 2558 aliae-‘⁶
735 2497 802 2565 ¹Ac
822 2495 862 2557 de
882 2498 1049 2560 attenuatis
1071 2496 1197 2577 quidem
1215 2493 1280 2556 alio
1302 2490 1381 2561 loco

375 2576 524 2643 diaimus.
592 2580 689 2656 Quod
708 2591 814 2643 autern
838 2580 876 2642 ad
895 2579 1009 2645 hilaria
1021 2578 1156 2659 attinet,
1199 2576 1380 2663 liprimum

357 2682 418 2726 ax
439 2666 529 2728 omni
548 2667 703 2730 orationis
724 2677 875 2730 contextu
905 2666 1171 2744 intellexerimus,
1202 2664 1265 2729 hoc
1282 2662 1380 2754 egili‘e
1463 2729 1467 2734 ,

380 2749 587 2831 Ciceronem,
608 2757 642 2813 vt
662 2750 693 2814 ie
712 2769 778 2816 non
800 2753 950 2828 contiuua
970 2754 1097 2815 dicendi
1117 2753 1381 2830 contentioneffet

375 2837 490 2904 ardore
511 2838 545 2897 iu
564 2836 628 2899 istic
646 2837 843 2899 orationibus
866 2835 951 2916 vium
973 2833 1052 2920 elie,
1072 2834 1251 2920 ,sed-saepe
1270 2837 1310 2899 ad
1328 2856 1380 2898 re·

376 2918 531 2982 militares
564 2930 598 2981 et
625 2920 789 2993 laetiores¹
803 2919 956 2983 sermonis
989 2919 1108 3004 forrpaa
1130 2915 1280 2984 acoeififfe
1302 2923 1381 2996 coni

376 3006 540 3076 tenderet,
579 3004 690 3085 quibus
718 3006 841 3068 animos
870 3007 1013 3068 intentos
1038 3005 1139 3069 ueluti
1168 3004 1321 3074 relaxaret
1348 3014 1382 3070 et

374 3098 550 3160 recrearet,
571 3087 594 3151 fi
614 3089 729 3164 deinde
748 3082 911 3159 orationes
934 3108 994 3172 pro
1014 3086 1149 3162 Roscio,
1174 3108 1242 3236 pro
1262 3088 1383 3152 Corne-

374 3175 427 3258 ‚lio
447 3174 649 3248 euoluamus,
684 3182 717 3238 et
743 3176 908 3259 quomodo
930 3193 959 3235 v.
981 3194 1011 3238 e.
1033 3175 1073 3238 de
1097 3174 1325 3258 accuatoribus
1346 3169 1384 3238 iri

375 3261 506 3337 ciuitate
533 3260 689 3334 ferendis,
722 3262 763 3325 de
777 3260 880 3324 'muts
902 3260 1144 3344 parricidiietca
1160 3259 1291 3333 dixerit,
1327 3261 1383 3322 co'·

372 3347 604 3430 'guoherimum
639 3355 707 3415 tum
728 3345 822 3428 plane
850 3345 1086 3430 intelligemus,
1103 3339 1232 3432 'hilaria
1258 3341 1384 3415 dici'iu

377 3434 524 3497 oratione
541 3432 673 3515 aliqua,
700 3451 779 3515 quae
804 3451 843 3493 ex
863 3431 993 3514 lepore,
1020 3429 1196 3516 venustate,
1223 3428 1274 3492 vel
1293 3425 1384 3518 'iouia

376 3530 413 3582 et
442 3515 585 3581 acumine
612 3518 746 3581 dicentis
778 3517 911 3580 habeant
944 3511 1141 3589 suauitatem,
1170 3513 1383 3586 'relaxantem

378 3606 503 3676 animos
525 3605 704 3667 auditorum
726 3623 743 3666 a
765 3604 979 3667 contentione·
994 3601 1063 3679 illa,
1078 3599 1184 3688 '‘aluam
1213 3603 1270 3672 via·
1284 3601 1316 3664 et
1332 3597 1382 3666 arss

379 3689 441 3754 dor
461 3690 616 3763 oratoris,
639 3689 689 3752 vel
709 3687 819 3763 causae
834 3686 982 3770 seueritas
1009 3695 1042 3751 et
1064 3687 1200 3769 grauitas
1222 3687 1382 3766 attulerat,

380 3790 511 3856 ¹eamque
529 3774 715 3840 hilaritatem
737 3776 869 3836 maxime
882 3773 978 3835 'cerni
1003 3772 1034 3843 in
1056 3765 1295 3852 digreffionibus
1315 3773 1383 3854 qui·

377 3859 531 3933 busdam,
563 3868 596 3922 et
617 3859 810 3922 diuerticulis
830 3858 1005 3927 orationis,
1029 3856 1192 3939 inquibus
1214 3863 1323 3930 oratur
1343 3857 1384 3920 ab
1481 3872 1484 3878 ’

380 3946 498 4009 aculeis
528 3942 591 4007 illis
605 3955 652 4025 yet
682 3946 788 4007 neruis
817 3942 991 4008 forenfibus
1011 3947 1049 4005 ad
1071 3941 1297 4024 iucundiorem¹
1312 3955 1382 4006 uto·
1459 3965 1467 3979 ‘

382 4032 481 4096 derati
500 4028 652 4094 sermonis
672 4030 806 4095 formam
834 4031 992 4094 varietatis
1014 4040 1058 4114 et„
1074 4025 1293 4091 delectationis
1312 4046 1384 4110 gra·

381 4117 425 4181 tia
445 4115 474 4178 se
495 4117 641 4180 demittit.
706 4114 920 4194 Quamobrem
944 4113 1026 4178 inira
1053 4113 1245 4189 videbimus,
1278 4111 1384 4179 eidem

382 4203 537 4280 orationis
565 4200 694 4285 generi,
730 4200 880 4264 hmillima
917 4198 1115 4281 metaphora,
1146 4197 1313 4270 laetitiam,
1349 4204 1385 4264 et

382 4286 455 4352 loca
482 4288 610 4352 laetiora
635 4288 750 4351 tributa
777 4284 846 4351 eise.
874 4286 938 4349 vid.
969 4277 1066 4368 uo'cc.⁸
1085 4285 1183 4350 laetat
1208 4281 1385 4358 emittitis:
1463 4363 1466 4369 .

387 4370 636 4449 umatum,
671 4376 740 4452 nit
769 4368 876 4460 Wrta,
902 4359 1140 4522 Ιὲἷανννρςγόον
1179 4363 1384 4522 angardim&

636 4479 638 4483 ’
713 4498 715 4501 .
773 4465 778 4476 '
970 4485 973 4500 2
1093 4490 1097 4496 -
1189 4474 1192 4479 ·
1283 4472 1351 4518 aava
