3534 5375
392 604 479 689 ,με
813 589 850 663 V·
887 592 919 664 V
957 582 988 668 tt

406 752 555 858 spumam
574 763 717 841 afflone,
739 783 807 831 non
827 748 1005 836 imitatione
1021 750 1152 833 coniiet'
1164 763 1291 839 oratio,
1311 780 1415 839 „non
1455 822 1460 831 ,

405 857 566 927 immerito
586 854 697 936 igitur,
720 852 831 935 inquit,
851 850 1091 936 reprehenditur
1112 848 1334 933 pronuntiatio
1347 848 1413 915 uni·
1528 910 1532 921 ,

405 939 507 1033 (αφ’,
528 944 562 1002 'et
584 937 872 1023 gesticulationibus
894 936 1042 1017 molesta,
1060 944 1093 1000 et
1110 934 1200 1000 vocir
1224 934 1414 1000 mutationi·
1527 940 1531 961 '

405 1024 477 1094 bus'
491 1024 694 1103 resultansrr
732 1025 816 1107 quod
845 1026 878 1086 in
923 1016 1134 1089 Demosthene
1168 1020 1412 1105 reprehendens
1514 1030 1529 1107 ,j

404 1112 577 1183 Aeschines
598 1098 822 1195 repererim-inp
841 1130 914 1175 eum
939 1108 983 1173 rai
1000 1098 1140 1190 σχήματι
1158 1106 1237 1171 dixit
1261 1108 1295 1176 in
1319 1108 1412 1176 Orat.
1523 1110 1528 1197 ξ

404 1188 476 1282 &epi
501 1196 696 1279 παραπρεσβ.
733 1196 875 1269 'Breuiua
901 1197 995 1261 etiam
1022 1193 1152 1261 (icilius¹
1176 1194 1216 1260 N.
1242 1192 1285 1264 Α.
1317 1212 1345 1270 r,
1376 1206 1409 1275 5:

403 1282 495 1351 iimiii
519 1283 608 1347 vooin
634 1279 840 1357 inclinatione
875 1290 984 1349 nannai
1018 1274 1176 1353 Hortenfii
1202 1286 1341 1365 argutus
1373 1287 1411 1367 et

401 1369 555 1520 {epirosen
573 1376 817 1442 commemorat,
839 1365 870 1431 h.
894 1388 922 1429 e.
936 1384 1014 1451 quae
1029 1365 1323 1450 gesticulationibus
1338 1370 1407 1430 moss
1515 1402 1523 1437 -,

426 1474 479 1520 um
503 1450 703 1519 excedebant.
726 1452 788 1519 vid.
807 1472 879 1517 voc.
908 1460 1041 1539 urg'rrtus
1060 1461 1093 1519 ct
1119 1450 1158 1517 cf.
1179 1449 1308 1520 ctetolt.
1328 1449 1407 1518 Vac.
1518 1460 1523 1513 ε

400 1542 555 1611 nummu.
576 1537 645 1604 Lib.
669 1554 698 1613 ²·
721 1535 802 1606 Sei't.
828 1545 877 1616 18.
900 1560 931 1623 p.
952 1532 1024 1619 3'38.
1046 1540 1142 1618 Quod
1166 1535 1275 1623 liquis
1297 1544 1406 1601 autem
1512 1528 1522 1611 ’ἶ

375 1627 637 1723 ‘grammaticam
657 1624 813 1690 rationem
840 1623 1012 1701 drideret,
1048 1626 1131 1689 idem
1152 1621 1353 1699 ilie'Geiiiuc
1370 1638 1405 1702 4,
1514 1658 1522 1725 ³.

401 1730 433 1811 9.
454 1733 493 1776 ex
515 1711 646 1797 Nigidio
667 1710 780 1788 tradit,
812 1710 950 1790 „omnia
976 1710 1150 1777 istiusmodi
1169 1707 1405 1784 inclinamenta,

242 1790 263 1860 ’.
400 1804 437 1863 vt
456 1796 590 1887 vinosus,
616 1790 808 1877 mulierofirs,
836 1795 993 1889 uerbofirs,
1015 1794 1165 1886 nrorrrsuc,
1175 1788 1334 1887 samrrsus,
1355 1794 1403 1859 ni·
1519 1830 1523 1857 t

401 1884 500 1953 mium
522 1894 555 1946 et
577 1890 701 1966 praeter
721 1876 851 1945 modum
869 1880 1059 1967 significare,
1088 1882 1260 1946 etidcirco
1281 1880 1318 1945 iu
1337 1880 1402 1945 cul·
1519 1868 1523 1901 ¹

398 1974 457 2069 pas
478 1968 644 2037 caderet·
670 1969 729 2034 His
751 1969 895 2032 addimus
915 1980 1027 2036 vocem
1049 1964 1201 2048 odiosus,
1223 1986 1316 2052 quarn
1336 1966 1402 2054 pia·

277 2052 280 2057 ’
357 2130 361 2137 ,
398 2050 443 2123 ue
468 2055 526 2123 isto
552 2055 650 2122 modo
679 2040 820 2118 adhibuit
850 2055 916 2122 Cic.
942 2056 983 2123 de
1006 2046 1094 2122 Oratss
1122 2070 1152 2135 3,
1173 2050 1225 2118 26.
1252 2054 1345 2129 dam,
1366 2062 1402 2119 vt

397 2139 605 2233 {ruiturficr'in
625 2140 715 2207 omni
734 2138 877 2217 anione,
914 2158 992 2225 quae
1011 2142 1135 2227 quidem
1156 2138 1244 2209 uultu
1264 2140 1402 2208 maxime
1516 2174 1524 2219 t

398 2238 433 2293 et
460 2248 518 2292 ore
545 2224 695 2301 efficitur,
724 2229 841 2292 nimius
865 2226 930 2303 'est3
965 2228 1032 2301 ita,¹
1055 2224 1109 2311 qui
1141 2226 1175 2293 in
1204 2229 1401 2293 contrarium
1517 2232 1523 2263 '·

395 2315 539 2399 torporis
553 2325 595 2401 et
614 2312 746 2379 mentae
766 2323 799 2378 et
818 2314 970 2379 tarditatis'
993 2314 1106 2385 ‚uitium
1124 2313 1250 2386 incidit,
1269 2310 1401 2382 Cicero·

396 2400 431 2467 ni
453 2408 594 2465 contuens
612 2400 744 2479 dicitur,
764 2399 828 2465 hoc
848 2399 911 2475 est,
931 2420 996 2469 vno
1019 2399 1141 2487 semper
1159 2399 1328 2464 oculorum
1341 2400 1399 2465 ob·

395 2490 467 2555 tutu
486 2497 598 2559 vtens,
618 2482 758 2567 nihilque
778 2486 895 2552 oculos
914 2505 1061 2557 mouent.
1110 2486 1163 2552 Sic
1192 2487 1232 2549 de
1252 2486 1343 2554 Orat,
1369 2505 1400 2569 3¹
1518 2504 1523 2515 .

395 2584 447 2661 59
474 2571 616 2644 „Animi
634 2571 741 2658 omnis
762 2571 862 2645 attio,
890 2581 922 2634 et
945 2573 1053 2656 imago
1073 2574 1185 2647 animi,
1213 2571 1319 2637 vuitus
1342 2574 1398 2653 est,

393 2658 516 2745 indices
537 2655 634 2736 oculi.
677 2656 759 2722 Nam
777 2657 854 2722 haec
873 2656 918 2724 eit
939 2677 1001 2722 vna
1020 2678 1091 2744 parc
1111 2658 1274 2744 corporis,
1304 2678 1397 2743 quae,

393 2747 473 2830 dunt
491 2743 587 2808 animi
611 2748 719 2808 motus
742 2740 829 2821 sunt,
852 2751 902 2807 tot
921 2741 1165 2828 fignificationea
1193 2753 1226 2807 et
1252 2765 1397 2818 commu.

353 2855 356 2861 ·
392 2831 531 2894 tationes
548 2826 640 2912 potiit
660 2827 797 2894 efficere.
839 2830 949 2915 Neque
971 2829 1048 2898 uero
1068 2830 1112 2897 est
1133 2831 1310 2917 quisquam,
1340 2837 1397 2920 qui

392 2916 520 2992 eadem,
543 2923 700 2990 coniuent,
721 2913 875 2980 efficiat.“
937 2916 992 2984 Sic
1012 2919 1096 2981 enim
1119 2917 1395 3001 interpungendus

289 3005 294 3024 ‘
389 3001 444 3066 tna
463 3002 694 3083 iocu's,'neque
721 2993 952 3077 sollicitandus,
974 3004 1058 3086 quod
1077 2999 1192 3068 fastum
1210 3003 1254 3068 est
1272 3026 1291 3067 a
1310 3025 1394 3075 non.

389 3087 504 3163 nullia,
525 3087 579 3171 qui
599 3087 707 3159 verba,
729 3089 830 3161 cadem
851 3096 1010 3162 romum,
1029 3087 1110 3152 male
1127 3089 1310 3172 iungebant.
1332 3109 1335 3113 ·
1390 3103 1394 3113 '

415 3169 418 3178 '
476 3174 536 3238 Per
561 3173 798 3262 methaphorarn
824 3183 950 3258 quo'que
974 3174 1078 3239 nauus
1101 3177 1222 3239 mentio
1249 3174 1308 3253 fit,
1338 3178 1393 3245 vbi
1521 3153 1525 3180 Ι

373 3258 529 3407 ‘pprietns
547 3258 592 3327 rei
610 3260 885 3328 commemoranda
904 3258 964 3336 est,
995 3260 1143 3344 quoniam
1162 3261 1237 3328 haec
1258 3267 1390 3344 propria

446 3343 558 3405 uultus
581 3349 690 3407 naturd
714 3352 746 3407 et
764 3346 830 3421 vis,
857 3352 891 3407 vt
912 3345 1067 3414 variandis
1087 3344 1219 3432 senfibud
1245 3345 1390 3422 affertio-
1420 3409 1426 3419 ,
1522 3355 1526 3380 ⁵

387 3423 542 3522 itibusque
562 3426 684 3493 seruiat.
732 3431 838 3511 Itaque
864 3429 1077 3509 Quintssianus
1096 3448 1127 3522 9,
1149 3451 1178 3504 a.
1200 3429 1253 3514 63.
1274 3433 1391 3507 affieri

385 3513 493 3585 noram
514 3512 728 3580 catarractas
747 3513 873 3589 tribuit,
889 3533 966 3579 cum
987 3526 1096 3587 orator
1111 3520 1209 3592 'variis
1230 3519 1392 3590 orationis

384 3597 500 3670 formis
520 3606 553 3659 et
573 3599 874 3666 commutationibus
901 3602 1037 3667 iudicem
1067 3612 1172 3677 tenet,
1205 3613 1238 3669 vt
1259 3624 1334 3682 cum
1355 3608 1390 3674 se
1421 3608 1423 3612 ‘

385 3683 451 3778 ipie
478 3682 628 3765 corrigit,
646 3695 650 3724 ³
665 3683 825 3768 t'e'aliqua
850 3688 999 3775 ignorare
1022 3687 1132 3772 fingit,
1169 3691 1220 3754 vei
1250 3691 1390 3775 deponit

385 3768 469 3852 apud
491 3770 676 3836 memoriam
696 3770 826 3846 iudicis,
860 3772 911 3835 vel
939 3775 1048 3838 eadem
1067 3774 1219 3862 reposcit,
1251 3783 1285 3848 ot
1303 3792 1387 3864 quae

385 3851 662 3936 conminuunt·
684 3854 1069 3942 vid.‘Gefluse't·Flaxus.
1298 3870 1309 3897 f
1385 3875 1390 3888 ¹
