3534 5375
447 597 510 707 3⁸32
866 598 896 674 R
924 606 968 726 [E
1000 603 1034 677 ,P

446 742 725 873 {inenuntianturr
751 774 1031 869 „reprehendimur
1044 783 1246 861 argumente,
1271 782 1323 849 vel
1345 784 1454 857 redae.

445 862 596 951 'guendo‚
615 868 664 928 vel
683 866 911 947 repugnando,
928 865 978 928 vel
997 864 1263 947 compensando.“
1324 872 1453 937 Eadem

448 953 520 1016 aliis
545 951 711 1034 confutatio
741 951 802 1013 dici
830 949 928 1024 solet,
969 960 1003 1014 vt
1037 952 1156 1034 Georg.
1186 951 1325 1036 Trapez.
1354 957 1451 1025 Rhet.

297 1069 302 1092 ·.
377 1108 380 1113 ¹
443 1033 515 1116 [Lib.
536 1055 565 1118 3.
586 1057 616 1120 p.
640 1055 690 1116 3²·
711 1037 762 1099 vbi
781 1035 909 1120 copiose
925 1037 993 1101 eius
1006 1035 1097 1101 locos
1111 1037 1287 1119 pertradiat.
1331 1043 1450 1109 Omnis

446 1124 695 1208 argumentatio,
721 1123 843 1205 inquit,
867 1116 1119 1205 reprehenditur,
1146 1144 1218 1188 cum
1246 1134 1300 1191 aut
1329 1149 1370 1191 ex
1397 1129 1451 1193 hie
1491 1168 1496 1193 ι

433 1207 598 1275 concessis
627 1208 808 1289 complexio
835 1207 918 1292 sequi
938 1220 1098 1292 negetur,
1128 1209 1229 1276 autfi
1261 1213 1449 1287 contraiit·

441 1291 528 1380 nram
558 1293 865 1380 argumentationem
889 1314 986 1378 aeque
1013 1292 1150 1370 firmam,
1188 1304 1241 1361 aut
1270 1296 1451 1366 firmiorem
1492 1320 1495 1327 ’

443 1399 467 1446 0
511 1400 650 1445 Offlmusse
675 1438 677 1443 .
776 1420 784 1439 r
1407 1444 1413 1455 ,

440 1401 510 1545 „pp
531 1468 643 1532 Aurei.
660 1463 838 1548 ·Augustin.
872 1465 908 1528 in
933 1461 1035 1529 Princ.
1064 1448 1155 1530 Rhee‘
1187 1488 1217 1550 p.
1240 1481 1319 1550 294,
1354 1475 1449 1537 notat
1485 1450 1498 1475 ⁶

441 1551 704 1628 ,constitutionem
725 1551 928 1632 illamgquae
948 1571 967 1613 a
990 1549 1120 1618 Graecis
1140 1545 1340 1638 μετάληψις,
1356 1556 1447 1629 ὼ,

445 1639 523 1701 tinis
546 1639 645 1721 vulgo
664 1637 834 1714 translatio·
849 1638 912 1717 dici
933 1632 1048 1712 soleat,
1082 1660 1100 1701 a
1125 1641 1232 1720 paucis
1258 1639 1447 1722 appellatam

443 1722 534 1788 fuiffe
554 1721 822 1873 reprehfflmnm,
841 1731 1025 1806 propterea,
1047 1726 1131 1805 quod
1157 1745 1230 1793 curn
1250 1727 1385 1797 maxime
1399 1728 1465 1803 ins

385 1820 388 1827 ’
444 1810 575 1874 ducatur
595 1811 662 1874 ini
717 1809 802 1871 cium
822 1807 927 1886 causa,
958 1807 1206 1891 reprelienditur,
1241 1820 1274 1874 et
1294 1810 1376 1897 quasi
1395 1831 1444 1875 re·
1475 1845 1490 1863 ι

443 1897 587 1959 trahitur.
824 1940 828 1944 -
1166 1959 1170 1967 ,
1214 1939 1216 1946 ·

413 2012 419 2033 ι
533 1984 622 2059 Quae
647 2000 666 2043 a
692 1979 848 2044 Cicerone
874 1980 914 2043 de
942 1980 999 2045 Or.
1024 1997 1052 2060 3,
1076 1995 1126 2061 54.
1150 1981 1184 2044 in
1204 1978 1445 2064 figurie‘elocu·

443 2065 544 2133 tionis
566 2077 831 2130 commemoratur
855 2064 1057 2150 reprelienfio,
1078 2067 1158 2139 hane
1177 2068 1241 2130 vim
1262 2066 1377 2138 habere
1401 2070 1447 2141 vi·
1489 2073 1493 2083 “

426 2151 555 2230 «detur,
577 2161 610 2214 vt
628 2153 698 2235 quis
722 2151 851 2214 verbum
874 2153 983 2235 inepte
1009 2151 1046 2214 ab
1070 2152 1170 2217 altero
1200 2151 1376 2234 usurpatum
1395 2173 1446 2226 re,

317 2316 320 2325 ι
348 2244 354 2258 ’
442 2239 637 2320 prehendat,
672 2235 748 2319 ficut
773 2239 805 2300 in
823 2238 887 2302 hoe
903 2226 1073 2318 exemplo,
1099 2240 1184 2321 quod
1208 2236 1376 2309 Streheeue
1399 2247 1445 2315 at·,

439 2326 535 2387 tulit:
550 2344 679 2407 puerum
700 2325 846 2406 appellat,
869 2343 953 2407 quern
974 2345 1032 2387 non
1051 2324 1138 2389 modo
1155 2326 1268 2395 uirum,
1282 2322 1340 2407 fid
1351 2327 1447 2388 etiam

436 2409 632 2498 fortifflmum
652 2413 753 2472 virum
765 2407 876 2495 jentr't,
899 2417 927 2472 et
935 2405 1055 2494 fintiet.
1072 2411 1134 2473 vid.
1153 2407 1314 2473 Correlir'o.
1343 2411 1446 2487 Quin·

440 2495 573 2566 ,tilianus
592 2511 625 2576 9,
648 2499 751 2570 2018·
779 2491 996 2579 reprehensore
1019 2494 1096 2558 dicit
1125 2494 1307 2563 confirmari
1326 2496 1392 2559 vim
1412 2502 1446 2559 et

469 2583 674 2662 roprietatem
691 2578 779 2657 verbi
800 2580 951 2651 alicuius,
974 2599 1039 2661 quo
1058 2579 1099 2644 vsi
1126 2578 1247 2654 sumus,
1269 2587 1302 2644 vt
1321 2580 1354 2644 in
1373 2581 1445 2645 hiet
1502 2589 1505 2595 '
1529 2643 1531 2648 .

440 2602 549 2740 grues,
573 2669 651 2731 ciues
673 2666 814 2750 inquom,
828 2664 858 2747 st
878 2661 1000 2728 linceos
1020 2669 1135 2731 nomine
1154 2662 1373 2750 appellarisne
1395 2667 1446 2752 est.

439 2755 518 2828 Hoc
538 2751 604 2833 ipso
625 2750 772 2853 exemplo
795 2750 892 2813 utitur
913 2751 1010 2813 lulius
1032 2752 1189 2822 Rufinian.
1216 2772 1247 2834 p.
1270 2769 1320 2833 27.
1342 2756 1453 2817 vide-1

439 2838 625 2903 claretum
648 2835 684 2899 ri
702 2836 858 2918 αφορισμὲ
878 2836 929 2915 vel
950 2834 1099 2921 dirempti,
1121 2838 1151 2902 h.
1171 2859 1199 2904 e.
1222 2837 1443 2920 descriptionis
1532 2878 1536 2882 -

370 2928 373 2933 ’
442 2943 631 3009 rerum-per
649 2921 940 3006 reprehensionem,
972 2944 1050 3008 quae
1078 2925 1231 3008 exprimat
1249 2932 1283 2988 et
1302 2927 1446 3009 corrigat

440 3011 507 3075 vim
525 3009 695 3073 sententiae
714 3020 747 3072 et
765 3009 959 3091 potestatem.
1212 3009 1216 3015 ’
1328 3069 1332 3075 .

529 3097 672 3177 Denique
692 3094 880 3177 exquisitiori
901 3081 1131 3177 fignificetione
1142 3092 1330 3182 'reprelienſso
1352 3093 1443 3172 Cice·

442 3183 517 3247 roni
540 3182 654 3245 dicitur
676 3182 707 3243 in
733 3188 879 3254 oratore,
896 3182 959 3261 .qui
985 3190 1150 3255 ornatum,
1181 3183 1441 3258 concinnitatem,

317 3268 322 3279 '
442 3269 495 3333 vel
522 3267 722 3332 festiuitatem
746 3263 829 3328 suam
854 3263 983 3328 subinde
1012 3277 1157 3338 coercet,
1180 3285 1221 3327 ne
1246 3268 1449 3348 perpetuitas,

416 3416 419 3420 .
442 3365 704 3432 ornamentorum
721 3350 876 3415 fastidium
895 3360 927 3414 et
947 3350 1117 3432 satietatem
1144 3351 1264 3416 adserat
1286 3351 1441 3415 audienti·

440 3439 524 3505 busz.
554 3440 636 3503 vnde
657 3436 876 3522 intermiffioni,
909 3443 942 3499 et
960 3438 1108 3503 varietati
1126 3436 1196 3510 illa,
1231 3436 1328 3502 veluti
1348 3440 1442 3511 tertia

349 3550 351 3555 ¹
441 3527 591 3608 quaedam
610 3523 726 3596 virms,
747 3522 938 3603 adiungitur.
981 3523 1087 3594 Locus
1106 3521 1235 3607 indgnis
1254 3520 1305 3596 est,
1317 3522 1386 3592 Lib.
1401 3539 1440 3607 3.

441 3614 483 3674 de
503 3613 581 3675 Orat
612 3608 687 3687 cap.
710 3622 762 3687 ας.
801 3606 986 3681 „Omnibus
1012 3607 1180 3694 in-reb'us,
1207 3610 1325 3692 iuquit,
1349 3608 1441 3688 volu·

441 3696 579 3781 pratibus
601 3691 744 3756 maximis
771 3690 925 3760 fastidium
944 3690 1114 3757 finitimum
1135 3693 1195 3771 est,
1218 3713 1282 3778 quo
1303 3694 1367 3759 lroc
1381 3697 1442 3760 mi·

342 3819 345 3830 ›
439 3801 505 3847 nus
522 3783 556 3843 in
577 3779 723 3843 oratione
743 3779 908 3854 miremur,
940 3778 975 3841 in
999 3800 1059 3863 que
1079 3779 1142 3866 vel>
1160 3799 1200 3851 ex
1216 3775 1345 3863 poetis,
1385 3780 1441 3846 vel

422 3861 806 3949 ‘oratoribuepossumus
827 3864 1002 3940 iudicare,
1017 3866 1223 3944 concinnam,
1253 3863 1454 3945 distratum,

439 3962 599 4027 ornatam,
621 3951 772 4027 festinam,
790 3948 853 4012 tine
871 3949 1114 4027 intermissione,
1125 3954 1191 4037 fine
1210 3948 1441 4038 reprelienſsone,

440 4037 504 4103 line
529 4040 695 4111 varietate,
719 4036 860 4119 quamuis
885 4033 978 4101 claris
1007 4037 1044 4101 fit
1068 4037 1229 4103 coloribus
1256 4036 1355 4120 pilia,
1387 4037 1442 4104 vel

403 4115 420 4188 .’
439 4124 548 4208 poesin
575 4123 625 4188 vel
651 4123 845 4192 orationem,
879 4140 947 4185 non
979 4120 1065 4205 posse
1091 4124 1124 4185 in
1146 4120 1359 4190 delettetione
1377 4120 1441 4200 else

440 4209 596 4282 diuturna.
605 4214 627 4243 “
684 4207 850 4273 Strebaeus
877 4208 916 4270 ad
941 4207 972 4271 h.
993 4209 1013 4285 l.
1034 4208 1111 4272 haec
1134 4207 1244 4274 habet:
1278 4205 1438 4292 reputem

434 4294 546 4384 stenem
568 4296 647 4359 dicit
666 4295 786 4358 cultum
805 4292 1039 4376 negligentem,
1075 4294 1129 4377 qui
1156 4290 1366 4372 videturesse
1391 4295 1438 4366 vi,-

439 4378 557 4459 tiosus,
580 4390 696 4448 ernon
713 4378 774 4459 est,
793 4375 909 4446 stloco
932 4381 1077 4463 ponitur,
1107 4388 1139 4446 et
1158 4377 1182 4448 st
1202 4377 1247 4448 ali
1260 4380 1360 4549 ,ἰιέιοο
1382 4399 1439 4456 ne·

441 4519 443 4526 .
475 4474 479 4483 “
602 4495 611 4512 κ
927 4473 929 4477 “
1317 4466 1440 4550 igentin
1506 4493 1512 4505 ·
