3534 5375
319 610 353 659 '·
439 615 485 714 §4
577 550 603 587 ᾗ,
747 590 1208 721 ιίέΟῐι .

440 795 475 855 et
493 782 623 856 dolores
644 783 771 852 babeat.
798 794 947 871 quantum
966 803 1050 868 opus
1075 783 1129 860 fit,
1160 784 1309 853 idomate
1334 788 1373 851 ad
1394 810 1442 855 cc·
1518 794 1522 799 ’

441 877 553 951 mem,
575 876 625 939 vel
645 875 739 936 etiam
759 870 901 945 succum,
928 873 981 956 qui
1005 873 1136 950 dicitur,
1163 876 1320 938 orationis
1343 877 1451 949 reler·,

439 970 510 1035 tur,
542 956 690 1044 quoniam
720 958 753 1020 in
774 960 898 1025 colore
928 969 961 1019 et
988 956 1080 1021 succo
1107 961 1284 1042 cogitamus
1314 961 1442 1044 aliquid,
1503 1018 1512 1026 .

546 1065 603 1130 per
631 1040 804 1108 uniuersam
828 1057 900 1108 rem·
924 1042 974 1106 tel
1001 1063 1058 1128 per
1080 1054 1182 1108 totum
1201 1065 1318 1128 corpus
1340 1046 1443 1114 fusum

466 1132 713 1217 taequabiliter,
755 1132 867 1193 necin
887 1127 1015 1210 lingulis
1041 1129 1179 1211 partibus
1203 1130 1347 1205 haereat,
1390 1131 1443 1200 sed

441 1227 547 1285 totum
565 1215 779 1300 occupauerit.
846 1215 913 1280 Iam
936 1214 1027 1296 plana
1052 1213 1095 1278 est
1113 1216 1159 1278 vis
1182 1219 1358 1300 praecepti,
1379 1239 1445 1304 quo

327 1321 338 1337 ·
441 1304 643 1370 Ciceru'Or.
677 1319 706 1381 3,
728 1315 779 1380 ος.
806 1298 902 1362 docet
921 1303 1089 1363 orationem
1105 1303 1217 1366 ornan‘
1233 1306 1370 1385 primam
1390 1326 1474 1389 gr»

336 1404 338 1411 ’
438 1410 525 1464 nere,
547 1396 576 1452 et
596 1388 681 1472 quast
699 1389 795 1450 colore
814 1382 1025 1533 etsuccogiro,
1053 1405 1153 1468 porro
1181 1385 1361 1465 verborum,
1372 1389 1444 1474 sen·
1509 1388 1511 1393 ’

351 1533 353 1547 ,
440 1478 662 1556 spatiorumque
671 1471 814 1556 floribus.
877 1471 925 1549 Et
970 1491 1018 1553 ap.
1044 1486 1092 1552 5²·
1116 1473 1209 1536 color
1228 1476 1310 1538 oriri
1327 1477 1444 1542 dicitur

338 1603 350 1612 -
392 1622 395 1631 ,
441 1561 543 1625 tribus
565 1558 677 1632 rebus,
692 1554 830 1640 sublimi,
850 1556 947 1621 medio
968 1567 1000 1619 et
1025 1559 1116 1621 tenui
1158 1559 1219 1624 His
1245 1562 1346 1625 tribus
1356 1563 1445 1648 figu.

441 1649 508 1719 ris,
534 1643 651 1726 iuquit,
670 1641 795 1726 infidam
816 1640 940 1726 quidam
962 1642 1143 1730 venustatis,
1164 1662 1224 1710 non
1235 1645 1312 1729 saco
1335 1648 1443 1725 illitas,

431 1727 491 1816 ssd
509 1727 660 1814 fianguine
685 1721 816 1811 diffiaſsts·
833 1727 919 1792 debet
944 1729 1033 1791 color.
1096 1728 1216 1792 Eadem
1237 1731 1445 1799 vuiucrlitatis

427 1817 606 1882 ‘cniusdam
624 1814 717 1878 notio
737 1811 816 1898 inest
837 1813 870 1875 in
901 1812 1091 1878 urbanitatis
1115 1815 1227 1890 colore,
1260 1833 1324 1900 quo
1347 1821 1446 1886 veluti

443 1903 586 1969 colorata
612 1899 712 1964 fuerit
731 1899 960 1963 nonnullorum
980 1902 1101 1974 oratio,
1145 1903 1179 1964 in
1201 1901 1353 1966 sententia
1377 1907 1446 1970 cm

424 1989 478 2065 vin
500 1991 585 2051 Brut.
607 1984 656 2066 ab.
680 1982 732 2049 vbi
753 1984 828 2047 illud
850 1987 894 2047 ite
915 1983 1061 2066 explicat,
1083 1992 1116 2047 vt
1135 1987 1234 2062 dicat,
1257 1989 1289 2051 iu
1313 1992 1445 2057 vocibus

433 2075 629 2157 ‘Latinorum
650 2069 830 2145 oratorum,
849 2070 872 2135 fi
893 2089 965 2134 cum
982 2072 1122 2134 externis
1143 2082 1375 2156 comparentur,
1396 2098 1444 2142 rc·

441 2159 539 2226 eiam
559 2157 704 2244 quiddam
724 2165 755 2221 et
771 2152 910 2239 resonare
931 2154 1088 2220 urbanius.
1131 2159 1226 2225 Hunc
1241 2180 1279 2220 ex
1303 2181 1377 2225 mox
1388 2162 1444 2245 sb-

321 2296 337 2311 c
426 2274 429 2289 ¹
440 2264 547 2329 parem
570 2245 718 2330 quendum
745 2243 938 2307 vernaculum
964 2241 1119 2326 appellat:
1146 2242 1305 2326 rdmffcher
1332 2249 1444 2312 Natio.

442 2331 576 2395 sul-ibat
593 2333 625 2393 in
646 2325 782 2409 Sprucbe
799 2330 864 2392 aad
885 2327 1060 2404 Arsurum,
1081 2348 1189 2413 worqn
1202 2327 1250 2394 ich
1267 2331 1366 2413 gleiclr
1388 2336 1445 2400 den

441 2415 594 2500 gebomen
614 2416 724 2480 [tamer
744 2413 874 2478 arienne.
896 2413 937 2475 ci.
958 2415 1092 2491 Quintil.
1113 2413 1146 2491 6,
1172 2433 1211 2493 3.·
1225 2434 1294 2497 ¹07·
1315 2426 1348 2480 et
1369 2420 1443 2499 infr.

359 2494 362 2517 '
443 2520 516 2565 voc.
534 2499 707 2565 urbanitas.
752 2499 862 2580 Neque
887 2497 1009 2564 filentio
1040 2503 1315 2584 praetermittenda
1335 2503 1379 2568 est
1397 2504 1445 2571 m-

403 2583 413 2591 ”
443 2587 521 2650 toras
546 2585 600 2649 illa
626 2606 644 2646 e
665 2582 865 2660 Quintiliano
894 2585 988 2647 etiam
1007 2591 1038 2659 8,
1060 2604 1090 2667 4.
1114 2596 1163 2659 28.
1194 2588 1340 2737 exquisrte
1359 2591 1444 2655 adhi-

444 2671 509 2737 bita
526 2669 728 2755 significatio.
752 2689 811 2753 qua
831 2670 987 2733 orationis
1006 2670 1182 2737 uniuersum
1195 2674 1234 2737 ha
1256 2677 1333 2739 itum
1349 2696 1443 2760 quen-

443 2758 534 2831 dam,
569 2758 620 2820 vel
645 2754 782 2840 speciem
811 2755 1013 2839 aequabiliter
1042 2756 1157 2834 sulum,
1192 2750 1445 2847 uniformemque

443 2837 653 2910 charasterem
673 2851 779 2918 notat,
799 2841 851 2904 cui
872 2843 1008 2905 maculas
1027 2842 1101 2906 hinc
1120 2845 1195 2909 inde
1214 2847 1366 2930 adspersas
1387 2871 1445 2935 up·

443 2930 554 3013 ponit:
575 2924 742 3013 einsaclres,
761 2926 948 3014 einfarbigrs
969 2924 1101 3005 Colorit,
1121 2933 1163 2996 im
1185 2933 1372 3017 Gegenstatza
1390 2938 1446 3001 des

431 3014 640 3101 fibriiiigtm,
671 3013 914 3099 Tagerfarba‘gen.
957 3014 1127 3080 Nemeum
1149 3018 1328 3083 denfitatem
1352 3031 1384 3082 et
1400 3024 1446 3085 ni·

443 3102 539 3164 miam
562 3100 769 3185 frequentiam
792 3098 1016 3163 sententiarum
1043 3105 1182 3169 orationi
1207 3107 1444 3172 intertentarum

442 3185 705 3268 reprebendill'et,
726 3187 819 3249 huius
835 3184 1086 3267 reprehensionis
1103 3188 1184 3255 hanc
1203 3190 1324 3255 causam
1342 3192 1445 3260 addit:

443 3275 526 3337 'color
544 3272 608 3353 ipse
629 3272 744 3335 dicendi
762 3272 931 3354 quamlibet
950 3271 1060 3344 claris,
1088 3276 1195 3339 multis
1214 3287 1319 3339 tamen
1341 3288 1373 3339 et
1393 3299 1443 3341 va·

245 3399 247 3409 a
364 3355 370 3365 '
396 3417 401 3433 ,
444 3359 502 3420 riis
523 3358 618 3419 veluti
631 3358 764 3419 'maculis
785 3356 1023 3439 conspergitur:
1051 3358 1253 3449 ulizahdufige
1273 3365 1445 3429 Sentenzm

333 3450 337 3458 '
443 3441 653 3506 mterbrecien
672 3437 942 3524 castamserram
963 3440 1079 3508 Colorit
1104 3448 1158 3513 des
1186 3449 1363 3533 Vortrugs,
1383 3452 1448 3532 aad

444 3523 567 3593 muchan
586 3523 638 3589 iia
657 3545 718 3589 aar
736 3524 969 3610 buntsbhdikigt.
1012 3531 1110 3608 Mox,
1139 3544 1173 3596 vt
1197 3537 1303 3597 omnis
1324 3536 1376 3597 hic
1397 3537 1444 3599 lo·
1481 3596 1490 3615 x

445 3633 502 3677 cus
526 3612 718 3696 metaphoris
738 3610 915 3676 foecundus
938 3614 998 3689 est,
1041 3636 1108 3681 nou
1133 3620 1196 3682 alio
1217 3619 1302 3682 sensu
1324 3622 1444 3685 lumina

376 3706 379 3724 '
444 3699 500 3763 ista
520 3697 743 3763 sententiarum
766 3716 832 3760 non
859 3699 1012 3774 flammis,
1055 3702 1107 3766 sed
1128 3702 1269 3768 scintillis
1291 3708 1373 3768 iuter
1395 3706 1443 3769 fu·

445 3802 532 3848 mum
552 3785 756 3848 emicantibus
776 3783 883 3849 limilia
907 3788 1002 3859 dicit,
1032 3806 1110 3871 quae
1137 3790 1253 3854 crebris
1275 3794 1442 3875 paruisque

439 3871 610 3935 conatibus
633 3868 663 3932 le
685 3870 852 3942 attollunt,
873 3872 1046 3956 inaequalia
1066 3883 1185 3937 tanturn
1209 3889 1241 3939 et
1255 3877 1352 3939 veluti
1366 3898 1444 3941 cun·

443 3954 582 4040 fragosa,
611 3976 670 4020 nec
700 3958 942 4022 admirationem
974 3957 1206 4041 consequuntur
1224 3964 1442 4035 eminentium,

365 4081 367 4086 ·
443 4052 478 4106 et
495 4042 661 4125 planorum
681 4044 812 4125 gratiam
833 4042 986 4123 perdunt:
1013 4041 1087 4125 dide
1106 4042 1366 4133 Sentenzrn'stnd
1385 4052 1446 4113 ein·

442 4133 531 4198 aeine
548 4148 606 4192 aas
626 4129 681 4193 der
698 4146 823 4210 gunza»
834 4120 1015 4210 Licitmcffa
1034 4124 1294 4197 her-vorblitzende
1315 4135 1445 4213 Fauian,

429 4205 552 4280 ,melite
571 4212 652 4277 nicht
672 4234 732 4277 nur
746 4216 794 4278 dic
821 4211 972 4296 errung
989 4210 1070 4276 nicht
1100 4217 1288 4299 vestimen,
1306 4217 1445 4303 standart

444 4295 521 4361 auct
542 4296 616 4362 norb
638 4298 687 4363 die
713 4298 916 4383 Beleuclrtung
935 4296 1072 4381 tuagleiclr
1096 4299 1240 4377 rraucben,
1275 4307 1339 4368 ulad
1359 4304 1445 4370 ibren
1474 4350 1480 4357 -

444 4382 524 4451 Reiz
536 4386 640 4471 sidrac
663 4382 726 4468 aad
746 4384 918 4451 verdariae.
938 4390 943 4404 '‘
961 4385 1108 4480 Inprimis
1129 4398 1244 4462 autem,
1271 4401 1305 4453 vt
1329 4401 1445 4473 pateat,

376 4486 378 4498 '
447 4472 467 4483 ’'
1371 4480 1445 4559 quid
1510 4482 1517 4495 “
