<?xml version="1.0" encoding="UTF-8"?>
<!DOCTYPE html PUBLIC "-//W3C//DTD XHTML 1.0 Transitional//EN"
    "http://www.w3.org/TR/xhtml1/DTD/xhtml1-transitional.dtd">
<html xmlns="http://www.w3.org/1999/xhtml" xml:lang="en" lang="en">
 <head>
  <title>
</title>
<meta http-equiv="Content-Type" content="text/html;charset=utf-8" />
  <meta name='ocr-system' content='tesseract 3.04.00' />
  <meta name='ocr-capabilities' content='ocr_page ocr_carea ocr_par ocr_line ocrx_word'/>
</head>
<body>
  <div class='ocr_page' id='page_1' title='image "./lexicontechnolo01ernegoog_0090.png"; bbox 0 0 3534 5375; ppageno 0'>
   <div class='ocr_carea' id='block_1_1' title="bbox 898 420 962 475">
    <p class='ocr_par' dir='ltr' id='par_1_1' title="bbox 898 420 962 475">
     <span class='ocr_line' id='line_1_1' title="bbox 898 420 962 475; baseline 0 -23"><span class='ocrx_word' id='word_1_1' title='bbox 898 470 899 475; x_wconf 17' lang='grc'>1</span> <span class='ocrx_word' id='word_1_2' title='bbox 954 420 962 452; x_wconf 86' lang='lat' dir='ltr'><strong>l</strong></span> 
     </span>
    </p>
   </div>
   <div class='ocr_carea' id='block_1_2' title="bbox 257 576 969 708">
    <p class='ocr_par' dir='ltr' id='par_1_2' title="bbox 257 576 969 708">
     <span class='ocr_line' id='line_1_2' title="bbox 257 576 969 708; baseline 0.003 -34"><span class='ocrx_word' id='word_1_3' title='bbox 257 619 423 708; x_wconf 54' lang='lat'><strong>[50</strong></span> <span class='ocrx_word' id='word_1_4' title='bbox 651 650 661 696; x_wconf 91' lang='lat'><strong>.·</strong></span> <span class='ocrx_word' id='word_1_5' title='bbox 799 576 969 700; x_wconf 66' lang='lat' dir='ltr'><strong>QAl</strong></span> 
     </span>
    </p>
   </div>
   <div class='ocr_carea' id='block_1_3' title="bbox 250 774 1382 1118">
    <p class='ocr_par' dir='ltr' id='par_1_3' title="bbox 250 774 1382 1034">
     <span class='ocr_line' id='line_1_3' title="bbox 250 774 1382 862; baseline 0.006 -23"><span class='ocrx_word' id='word_1_6' title='bbox 250 794 252 799; x_wconf 73' lang='grc'>’</span> <span class='ocrx_word' id='word_1_7' title='bbox 376 778 496 862; x_wconf 84' lang='lat' dir='ltr'><strong>piore,</strong></span> <span class='ocrx_word' id='word_1_8' title='bbox 523 774 705 843; x_wconf 82' lang='lat' dir='ltr'><strong>delenlione</strong></span> <span class='ocrx_word' id='word_1_9' title='bbox 733 776 856 852; x_wconf 75' lang='lat' dir='ltr'><strong>inusta,</strong></span> <span class='ocrx_word' id='word_1_10' title='bbox 882 775 1093 852; x_wconf 70' lang='lat' dir='ltr'><strong>nostratiis,</strong></span> <span class='ocrx_word' id='word_1_11' title='bbox 1116 776 1382 855; x_wconf 81' lang='lat' dir='ltr'><strong>vtlaudatlo,&#39;vt</strong></span> 
     </span>
     <span class='ocr_line' id='line_1_4' title="bbox 378 862 1381 949; baseline 0.001 -19"><span class='ocrx_word' id='word_1_12' title='bbox 378 867 492 930; x_wconf 81' lang='lat' dir='ltr'><strong>oratio</strong></span> <span class='ocrx_word' id='word_1_13' title='bbox 513 872 635 942; x_wconf 86' lang='lat' dir='ltr'><strong>autem,</strong></span> <span class='ocrx_word' id='word_1_14' title='bbox 661 866 784 940; x_wconf 83' lang='lat' dir='ltr'><strong>breuis,</strong></span> <span class='ocrx_word' id='word_1_15' title='bbox 816 864 971 947; x_wconf 84' lang='lat' dir='ltr'><strong>postrema</strong></span> <span class='ocrx_word' id='word_1_16' title='bbox 1001 862 1158 928; x_wconf 86' lang='lat' dir='ltr'><strong>Censoris</strong></span> <span class='ocrx_word' id='word_1_17' title='bbox 1173 869 1277 929; x_wconf 88' lang='lat' dir='ltr'><strong>oratio</strong></span> <span class='ocrx_word' id='word_1_18' title='bbox 1290 911 1299 942; x_wconf 88' lang='lat'>‚</span> <span class='ocrx_word' id='word_1_19' title='bbox 1312 873 1381 949; x_wconf 75' lang='lat' dir='ltr'><strong>‘qua</strong></span> 
     </span>
     <span class='ocr_line' id='line_1_5' title="bbox 378 947 1381 1034; baseline 0.005 -22"><span class='ocrx_word' id='word_1_20' title='bbox 378 969 466 1014; x_wconf 83' lang='lat' dir='ltr'><strong>anno</strong></span> <span class='ocrx_word' id='word_1_21' title='bbox 501 947 859 1034; x_wconf 81' lang='lat' dir='ltr'><strong>duodequinquagelimo</strong></span> <span class='ocrx_word' id='word_1_22' title='bbox 892 949 962 1014; x_wconf 82' lang='lat' dir='ltr'><strong>usus</strong></span> <span class='ocrx_word' id='word_1_23' title='bbox 988 948 1042 1013; x_wconf 85' lang='lat' dir='ltr'><strong>est.</strong></span> <span class='ocrx_word' id='word_1_24' title='bbox 1102 952 1138 1014; x_wconf 91' lang='lat' dir='ltr'><strong>ln</strong></span> <span class='ocrx_word' id='word_1_25' title='bbox 1160 951 1209 1013; x_wconf 90' lang='lat' dir='ltr'><strong>his</strong></span> <span class='ocrx_word' id='word_1_26' title='bbox 1230 952 1381 1017; x_wconf 88' lang='lat' dir='ltr'><strong>omuibus</strong></span> 
     </span>
    </p>

    <p class='ocr_par' dir='ltr' id='par_1_4' title="bbox 347 1035 1381 1118">
     <span class='ocr_line' id='line_1_6' title="bbox 347 1035 1381 1118; baseline 0.003 -19"><span class='ocrx_word' id='word_1_27' title='bbox 347 1061 353 1072; x_wconf 94' lang='lat'><strong>·</strong></span> <span class='ocrx_word' id='word_1_28' title='bbox 378 1035 460 1099; x_wconf 83' lang='lat' dir='ltr'><strong>iuelt</strong></span> <span class='ocrx_word' id='word_1_29' title='bbox 479 1036 605 1118; x_wconf 88' lang='lat' dir='ltr'><strong>quidam</strong></span> <span class='ocrx_word' id='word_1_30' title='bbox 624 1036 687 1099; x_wconf 85' lang='lat' dir='ltr'><strong>fine</strong></span> <span class='ocrx_word' id='word_1_31' title='bbox 709 1037 775 1100; x_wconf 80' lang='lat' dir='ltr'><strong>allo</strong></span> <span class='ocrx_word' id='word_1_32' title='bbox 793 1036 869 1101; x_wconf 87' lang='lat' dir='ltr'><strong>fuco</strong></span> <span class='ocrx_word' id='word_1_33' title='bbox 885 1036 1028 1099; x_wconf 84' lang='lat' dir='ltr'><strong>veritatis</strong></span> <span class='ocrx_word' id='word_1_34' title='bbox 1050 1035 1160 1109; x_wconf 88' lang='lat' dir='ltr'><strong>color;</strong></span> <span class='ocrx_word' id='word_1_35' title='bbox 1186 1038 1261 1118; x_wconf 80' lang='lat' dir='ltr'><strong>quin</strong></span> <span class='ocrx_word' id='word_1_36' title='bbox 1285 1040 1381 1102; x_wconf 87' lang='lat' dir='ltr'><strong>etiam</strong></span> 
     </span>
    </p>
   </div>
   <div class='ocr_carea' id='block_1_4' title="bbox 258 1113 1384 1290">
    <p class='ocr_par' dir='ltr' id='par_1_5' title="bbox 258 1113 1384 1290">
     <span class='ocr_line' id='line_1_7' title="bbox 258 1113 1384 1205; baseline -0.005 -20"><span class='ocrx_word' id='word_1_37' title='bbox 258 1113 277 1135; x_wconf 81' lang='grc'><strong>“’</strong></span> <span class='ocrx_word' id='word_1_38' title='bbox 379 1119 619 1203; x_wconf 78' lang='lat' dir='ltr'><strong>comprehendo</strong></span> <span class='ocrx_word' id='word_1_39' title='bbox 645 1130 678 1183; x_wconf 88' lang='lat' dir='ltr'><strong>et</strong></span> <span class='ocrx_word' id='word_1_40' title='bbox 706 1123 839 1183; x_wconf 78' lang='lat' dir='ltr'>ambitus</span> <span class='ocrx_word' id='word_1_41' title='bbox 866 1122 922 1205; x_wconf 89' lang='lat' dir='ltr'><strong>ille</strong></span> <span class='ocrx_word' id='word_1_42' title='bbox 950 1119 1123 1184; x_wconf 87' lang='lat' dir='ltr'><strong>verborum</strong></span> <span class='ocrx_word' id='word_1_43' title='bbox 1149 1132 1215 1184; x_wconf 88' lang='lat' dir='ltr'><strong>erat</strong></span> <span class='ocrx_word' id='word_1_44' title='bbox 1240 1125 1323 1204; x_wconf 85' lang='lat' dir='ltr'><strong>apud</strong></span> <span class='ocrx_word' id='word_1_45' title='bbox 1343 1125 1384 1187; x_wconf 84' lang='lat' dir='ltr'><strong>il.</strong></span> 
     </span>
     <span class='ocr_line' id='line_1_8' title="bbox 266 1204 1381 1290; baseline -0.001 -17"><span class='ocrx_word' id='word_1_46' title='bbox 266 1231 285 1260; x_wconf 61' lang='lat' dir='ltr'><strong>u</strong></span> <span class='ocrx_word' id='word_1_47' title='bbox 377 1207 445 1272; x_wconf 89' lang='lat' dir='ltr'><strong>lum</strong></span> <span class='ocrx_word' id='word_1_48' title='bbox 464 1204 643 1272; x_wconf 68' lang='lat' dir='ltr'><strong>contractus</strong></span> <span class='ocrx_word' id='word_1_49' title='bbox 665 1214 698 1268; x_wconf 86' lang='lat' dir='ltr'><strong>et</strong></span> <span class='ocrx_word' id='word_1_50' title='bbox 716 1207 833 1279; x_wconf 88' lang='lat' dir='ltr'><strong>breuis,</strong></span> <span class='ocrx_word' id='word_1_51' title='bbox 855 1216 889 1270; x_wconf 87' lang='lat' dir='ltr'><strong>et</strong></span> <span class='ocrx_word' id='word_1_52' title='bbox 910 1207 943 1269; x_wconf 93' lang='lat' dir='ltr'><strong>in</strong></span> <span class='ocrx_word' id='word_1_53' title='bbox 965 1206 1282 1288; x_wconf 76' lang='lat' dir='ltr'><strong>membmquaedam,</strong></span> <span class='ocrx_word' id='word_1_54' title='bbox 1301 1228 1381 1290; x_wconf 85' lang='lat' dir='ltr'><strong>quae</strong></span> 
     </span>
    </p>
   </div>
   <div class='ocr_carea' id='block_1_5' title="bbox 377 1291 1380 1462">
    <p class='ocr_par' dir='ltr' id='par_1_6' title="bbox 377 1291 1380 1462">
     <span class='ocr_line' id='line_1_9' title="bbox 377 1291 1380 1373; baseline 0 -16"><span class='ocrx_word' id='word_1_55' title='bbox 377 1292 463 1357; x_wconf 68' lang='lat' dir='ltr'><strong>adia</strong></span> <span class='ocrx_word' id='word_1_56' title='bbox 485 1291 599 1357; x_wconf 80' lang='lat' dir='ltr'><strong>Graeci</strong></span> <span class='ocrx_word' id='word_1_57' title='bbox 618 1300 756 1365; x_wconf 85' lang='lat' dir='ltr'><strong>vocant,·</strong></span> <span class='ocrx_word' id='word_1_58' title='bbox 772 1292 976 1373; x_wconf 84' lang='lat' dir='ltr'><strong>dispertiebat</strong></span> <span class='ocrx_word' id='word_1_59' title='bbox 994 1293 1172 1355; x_wconf 85' lang='lat' dir='ltr'><strong>orationem</strong></span> <span class='ocrx_word' id='word_1_60' title='bbox 1195 1293 1380 1358; x_wconf 86' lang='lat' dir='ltr'><strong>libentius.“</strong></span> 
     </span>
     <span class='ocr_line' id='line_1_10' title="bbox 378 1369 1379 1462; baseline 0 -18"><span class='ocrx_word' id='word_1_61' title='bbox 378 1406 422 1428; x_wconf 83' lang='lat'><strong>-·</strong></span> <span class='ocrx_word' id='word_1_62' title='bbox 442 1378 485 1443; x_wconf 87' lang='lat' dir='ltr'><strong>Et</strong></span> <span class='ocrx_word' id='word_1_63' title='bbox 506 1397 583 1440; x_wconf 77' lang='lat' dir='ltr'><strong>mox</strong></span> <span class='ocrx_word' id='word_1_64' title='bbox 602 1377 864 1459; x_wconf 87' lang='lat' dir='ltr'><strong>paucis-verfibus</strong></span> <span class='ocrx_word' id='word_1_65' title='bbox 886 1375 1081 1442; x_wconf 67' lang='lat' dir='ltr'><strong>interieiiis:</strong></span> <span class='ocrx_word' id='word_1_66' title='bbox 1116 1377 1282 1462; x_wconf 68' lang='lat' dir='ltr'><strong>„llla‘ipsa</strong></span> <span class='ocrx_word' id='word_1_67' title='bbox 1304 1369 1379 1444; x_wconf 81' lang='lat' dir='ltr'><strong>ce&#39;n·</strong></span> 
     </span>
    </p>
   </div>
   <div class='ocr_carea' id='block_1_6' title="bbox 281 1461 1379 1546">
    <p class='ocr_par' dir='ltr' id='par_1_7' title="bbox 281 1461 1379 1546">
     <span class='ocr_line' id='line_1_11' title="bbox 281 1461 1379 1546; baseline 0.004 -20"><span class='ocrx_word' id='word_1_68' title='bbox 281 1529 283 1532; x_wconf 68' lang='grc'>,</span> <span class='ocrx_word' id='word_1_69' title='bbox 377 1461 460 1540; x_wconf 70' lang='lat' dir='ltr'><strong>laria</strong></span> <span class='ocrx_word' id='word_1_70' title='bbox 489 1471 600 1527; x_wconf 86' lang='lat' dir='ltr'><strong>contra</strong></span> <span class='ocrx_word' id='word_1_71' title='bbox 626 1463 683 1526; x_wconf 90' lang='lat' dir='ltr'><strong>Cn.</strong></span> <span class='ocrx_word' id='word_1_72' title='bbox 717 1464 893 1528; x_wconf 89' lang='lat' dir='ltr'><strong>Domitium</strong></span> <span class='ocrx_word' id='word_1_73' title='bbox 917 1463 1076 1546; x_wconf 73' lang='lat' dir='ltr'>collegam</span> <span class='ocrx_word' id='word_1_74' title='bbox 1101 1482 1167 1527; x_wconf 88' lang='lat' dir='ltr'><strong>non</strong></span> <span class='ocrx_word' id='word_1_75' title='bbox 1194 1463 1379 1543; x_wconf 82' lang='lat' dir='ltr'><strong>eli-oratio,</strong></span> 
     </span>
    </p>
   </div>
   <div class='ocr_carea' id='block_1_7' title="bbox 280 1545 1450 3091">
    <p class='ocr_par' dir='ltr' id='par_1_8' title="bbox 280 1545 1450 3091">
     <span class='ocr_line' id='line_1_12' title="bbox 376 1545 1380 1635; baseline 0.001 -20"><span class='ocrx_word' id='word_1_76' title='bbox 376 1545 428 1630; x_wconf 75' lang='lat' dir='ltr'><strong>sed</strong></span> <span class='ocrx_word' id='word_1_77' title='bbox 460 1549 544 1635; x_wconf 74' lang='lat' dir='ltr'><strong>quast</strong></span> <span class='ocrx_word' id='word_1_78' title='bbox 575 1549 679 1630; x_wconf 79' lang='lat' dir='ltr'><strong>capita</strong></span> <span class='ocrx_word' id='word_1_79' title='bbox 712 1559 834 1625; x_wconf 84' lang='lat' dir='ltr'><strong>rerum,</strong></span> <span class='ocrx_word' id='word_1_80' title='bbox 877 1557 911 1610; x_wconf 86' lang='lat' dir='ltr'><strong>et</strong></span> <span class='ocrx_word' id='word_1_81' title='bbox 943 1551 1094 1612; x_wconf 75' lang='lat' dir='ltr'><strong>matianis</strong></span> <span class='ocrx_word' id='word_1_82' title='bbox 1124 1549 1380 1616; x_wconf 85' lang='lat' dir='ltr'><strong>Commentarium</strong></span> 
     </span>
     <span class='ocr_line' id='line_1_13' title="bbox 354 1633 1426 1721; baseline 0.002 -21"><span class='ocrx_word' id='word_1_83' title='bbox 354 1633 478 1721; x_wconf 58' lang='lat' dir='ltr'><strong>paulu</strong></span> <span class='ocrx_word' id='word_1_84' title='bbox 500 1633 679 1715; x_wconf 52' lang='lat' dir='ltr'><strong>puniue‘s</strong></span> <span class='ocrx_word' id='word_1_85' title='bbox 723 1635 831 1718; x_wconf 88' lang='lat' dir='ltr'><strong>ltaque</strong></span> <span class='ocrx_word' id='word_1_86' title='bbox 858 1654 932 1699; x_wconf 87' lang='lat' dir='ltr'><strong>cum</strong></span> <span class='ocrx_word' id='word_1_87' title='bbox 960 1634 1075 1699; x_wconf 88' lang='lat' dir='ltr'><strong>Cicero</strong></span> <span class='ocrx_word' id='word_1_88' title='bbox 1101 1633 1261 1712; x_wconf 85' lang='lat' dir='ltr'><strong>Philistum</strong></span> <span class='ocrx_word' id='word_1_89' title='bbox 1280 1655 1379 1699; x_wconf 87' lang='lat' dir='ltr'><strong>omae</strong></span> <span class='ocrx_word' id='word_1_90' title='bbox 1424 1699 1426 1702; x_wconf 84' lang='lat'>.</span> 
     </span>
     <span class='ocr_line' id='line_1_14' title="bbox 375 1716 1450 1805; baseline -0.001 -19"><span class='ocrx_word' id='word_1_91' title='bbox 375 1719 520 1805; x_wconf 85' lang='lat' dir='ltr'><strong>imitandi</strong></span> <span class='ocrx_word' id='word_1_92' title='bbox 541 1716 739 1802; x_wconf 78' lang='lat' dir='ltr'><strong>Thucydidis</strong></span> <span class='ocrx_word' id='word_1_93' title='bbox 758 1719 893 1784; x_wconf 85' lang='lat' dir='ltr'><strong>studium</strong></span> <span class='ocrx_word' id='word_1_94' title='bbox 909 1721 942 1783; x_wconf 92' lang='lat' dir='ltr'><strong>in</strong></span> <span class='ocrx_word' id='word_1_95' title='bbox 963 1719 1069 1793; x_wconf 88' lang='lat' dir='ltr'><strong>breui,</strong></span> <span class='ocrx_word' id='word_1_96' title='bbox 1101 1718 1197 1785; x_wconf 88' lang='lat' dir='ltr'><strong>denso</strong></span> <span class='ocrx_word' id='word_1_97' title='bbox 1222 1731 1378 1804; x_wconf 86' lang='lat' dir='ltr'><strong>acutoque</strong></span> <span class='ocrx_word' id='word_1_98' title='bbox 1446 1727 1450 1734; x_wconf 76' lang='lat'><strong><em>‘</em></strong></span> 
     </span>
     <span class='ocr_line' id='line_1_15' title="bbox 354 1803 1376 1890; baseline -0.001 -19"><span class='ocrx_word' id='word_1_99' title='bbox 354 1867 356 1871; x_wconf 84' lang='lat'>.</span> <span class='ocrx_word' id='word_1_100' title='bbox 374 1824 498 1890; x_wconf 59' lang='lat' dir='ltr'><strong>‘genere</strong></span> <span class='ocrx_word' id='word_1_101' title='bbox 518 1804 645 1868; x_wconf 85' lang='lat' dir='ltr'><strong>dicendi</strong></span> <span class='ocrx_word' id='word_1_102' title='bbox 665 1803 830 1870; x_wconf 81' lang='lat' dir='ltr'><strong>declarasse</strong></span> <span class='ocrx_word' id='word_1_103' title='bbox 848 1803 1023 1889; x_wconf 73' lang='lat' dir='ltr'><strong>significare</strong></span> <span class='ocrx_word' id='word_1_104' title='bbox 1040 1804 1154 1869; x_wconf 86' lang='lat' dir='ltr'><strong>vellet:</strong></span> <span class='ocrx_word' id='word_1_105' title='bbox 1186 1826 1259 1868; x_wconf 90' lang='lat' dir='ltr'><strong>cum</strong></span> <span class='ocrx_word' id='word_1_106' title='bbox 1276 1826 1376 1890; x_wconf 87' lang='lat' dir='ltr'><strong>porro</strong></span> 
     </span>
     <span class='ocr_line' id='line_1_16' title="bbox 376 1889 1378 1976; baseline 0.003 -22"><span class='ocrx_word' id='word_1_107' title='bbox 376 1891 513 1954; x_wconf 86' lang='lat' dir='ltr'><strong>eundem</strong></span> <span class='ocrx_word' id='word_1_108' title='bbox 532 1890 670 1976; x_wconf 78' lang='lat' dir='ltr'><strong>pufillum</strong></span> <span class='ocrx_word' id='word_1_109' title='bbox 685 1891 910 1976; x_wconf 78' lang='lat' dir='ltr'><strong>Thucydidem</strong></span> <span class='ocrx_word' id='word_1_110' title='bbox 931 1891 1112 1974; x_wconf 87' lang='lat' dir='ltr'><strong>appellaret,</strong></span> <span class='ocrx_word' id='word_1_111' title='bbox 1134 1889 1292 1957; x_wconf 85' lang='lat' dir='ltr'><strong>inuidioso</strong></span> <span class='ocrx_word' id='word_1_112' title='bbox 1312 1892 1378 1957; x_wconf 86' lang='lat' dir='ltr'><strong>hoc</strong></span> 
     </span>
     <span class='ocr_line' id='line_1_17' title="bbox 329 1975 1439 2058; baseline 0.003 -19"><span class='ocrx_word' id='word_1_113' title='bbox 329 1976 334 1983; x_wconf 85' lang='lat'>&#39;</span> <span class='ocrx_word' id='word_1_114' title='bbox 376 1984 410 2041; x_wconf 89' lang='lat' dir='ltr'><strong>et</strong></span> <span class='ocrx_word' id='word_1_115' title='bbox 428 1988 530 2058; x_wconf 84' lang='lat' dir='ltr'><strong>paene</strong></span> <span class='ocrx_word' id='word_1_116' title='bbox 550 1975 659 2057; x_wconf 88' lang='lat' dir='ltr'><strong>lepido</strong></span> <span class='ocrx_word' id='word_1_117' title='bbox 683 1979 812 2051; x_wconf 87' lang='lat' dir='ltr'><strong>nomine</strong></span> <span class='ocrx_word' id='word_1_118' title='bbox 832 1976 921 2055; x_wconf 85' lang='lat' dir='ltr'><strong>usus,</strong></span> <span class='ocrx_word' id='word_1_119' title='bbox 953 1986 988 2042; x_wconf 87' lang='lat' dir='ltr'><strong>vt</strong></span> <span class='ocrx_word' id='word_1_120' title='bbox 1008 1977 1092 2040; x_wconf 89' lang='lat' dir='ltr'><strong>illius</strong></span> <span class='ocrx_word' id='word_1_121' title='bbox 1113 1977 1376 2042; x_wconf 73' lang='lat' dir='ltr'><strong>imitationis&#39;im·</strong></span> <span class='ocrx_word' id='word_1_122' title='bbox 1433 2008 1439 2031; x_wconf 63' lang='grc' dir='ltr'><em>ι</em></span> 
     </span>
     <span class='ocr_line' id='line_1_18' title="bbox 373 2057 1376 2146; baseline 0.001 -20"><span class='ocrx_word' id='word_1_123' title='bbox 373 2059 520 2126; x_wconf 81' lang='lat' dir='ltr'><strong>becillar&#39;n</strong></span> <span class='ocrx_word' id='word_1_124' title='bbox 539 2057 772 2126; x_wconf 70' lang='lat' dir='ltr'><strong>affestatione&#39;m</strong></span> <span class='ocrx_word' id='word_1_125' title='bbox 796 2073 939 2138; x_wconf 79' lang='lat' dir='ltr'><strong>notaret3</strong></span> <span class='ocrx_word' id='word_1_126' title='bbox 981 2064 1042 2126; x_wconf 89' lang='lat' dir='ltr'><strong>iam</strong></span> <span class='ocrx_word' id='word_1_127' title='bbox 1070 2060 1236 2146; x_wconf 63' lang='lat' dir='ltr'><strong>intelligo,</strong></span> <span class='ocrx_word' id='word_1_128' title='bbox 1262 2063 1376 2146; x_wconf 90' lang='lat' dir='ltr'><strong>quibus</strong></span> 
     </span>
     <span class='ocr_line' id='line_1_19' title="bbox 373 2144 1376 2236; baseline 0.001 -24"><span class='ocrx_word' id='word_1_129' title='bbox 373 2147 469 2213; x_wconf 88' lang='lat' dir='ltr'><strong>rebus</strong></span> <span class='ocrx_word' id='word_1_130' title='bbox 500 2154 534 2211; x_wconf 88' lang='lat' dir='ltr'><strong>et</strong></span> <span class='ocrx_word' id='word_1_131' title='bbox 565 2144 698 2213; x_wconf 78' lang='lat' dir='ltr'><strong>sensibus</strong></span> <span class='ocrx_word' id='word_1_132' title='bbox 725 2148 871 2215; x_wconf 69' lang='lat' dir='ltr'><strong>indueras</strong></span> <span class='ocrx_word' id='word_1_133' title='bbox 900 2148 1014 2214; x_wconf 87' lang='lat' dir='ltr'><strong>Cicero</strong></span> <span class='ocrx_word' id='word_1_134' title='bbox 1037 2147 1193 2236; x_wconf 73' lang='lat' dir='ltr'><strong>Philistum</strong></span> <span class='ocrx_word' id='word_1_135' title='bbox 1214 2151 1376 2230; x_wconf 72' lang='lat' dir='ltr'><em>capitalem</em></span> 
     </span>
     <span class='ocr_line' id='line_1_20' title="bbox 373 2233 1377 2319; baseline 0 -21"><span class='ocrx_word' id='word_1_136' title='bbox 373 2234 507 2308; x_wconf 83' lang='lat' dir='ltr'><strong>dixerit,</strong></span> <span class='ocrx_word' id='word_1_137' title='bbox 544 2251 638 2317; x_wconf 88' lang='lat' dir='ltr'><strong>quem</strong></span> <span class='ocrx_word' id='word_1_138' title='bbox 659 2235 803 2298; x_wconf 90' lang='lat' dir='ltr'><strong>imitandi</strong></span> <span class='ocrx_word' id='word_1_139' title='bbox 831 2235 1029 2319; x_wconf 84' lang='lat' dir='ltr'><strong>Thucydidis</strong></span> <span class='ocrx_word' id='word_1_140' title='bbox 1063 2233 1193 2296; x_wconf 82' lang='lat' dir='ltr'><strong>ambitio</strong></span> <span class='ocrx_word' id='word_1_141' title='bbox 1225 2235 1377 2315; x_wconf 87' lang='lat' dir='ltr'><strong>quaedam</strong></span> 
     </span>
     <span class='ocr_line' id='line_1_21' title="bbox 373 2317 1375 2411; baseline 0.001 -28"><span class='ocrx_word' id='word_1_142' title='bbox 373 2317 574 2403; x_wconf 85' lang='lat' dir='ltr'><strong>impellebat,</strong></span> <span class='ocrx_word' id='word_1_143' title='bbox 603 2327 637 2381; x_wconf 88' lang='lat' dir='ltr'><strong>vt</strong></span> <span class='ocrx_word' id='word_1_144' title='bbox 662 2320 770 2384; x_wconf 87' lang='lat' dir='ltr'><strong>omnia</strong></span> <span class='ocrx_word' id='word_1_145' title='bbox 791 2320 920 2382; x_wconf 85' lang='lat' dir='ltr'><strong>breuius</strong></span> <span class='ocrx_word' id='word_1_146' title='bbox 937 2327 970 2382; x_wconf 86' lang='lat' dir='ltr'><strong>et</strong></span> <span class='ocrx_word' id='word_1_147' title='bbox 989 2317 1169 2382; x_wconf 87' lang='lat' dir='ltr'><strong>summatius</strong></span> <span class='ocrx_word' id='word_1_148' title='bbox 1190 2331 1223 2382; x_wconf 85' lang='lat' dir='ltr'><strong>et</strong></span> <span class='ocrx_word' id='word_1_149' title='bbox 1241 2318 1375 2411; x_wconf 78' lang='lat' dir='ltr'><strong>deallus,</strong></span> 
     </span>
     <span class='ocr_line' id='line_1_22' title="bbox 375 2403 1375 2489; baseline 0.002 -20"><span class='ocrx_word' id='word_1_150' title='bbox 375 2426 467 2489; x_wconf 84' lang='lat' dir='ltr'><strong>quam</strong></span> <span class='ocrx_word' id='word_1_151' title='bbox 490 2413 649 2485; x_wconf 86' lang='lat' dir='ltr'><strong>parerat,</strong></span> <span class='ocrx_word' id='word_1_152' title='bbox 685 2407 805 2468; x_wconf 87' lang='lat' dir='ltr'><strong>diceret</strong></span> <span class='ocrx_word' id='word_1_153' title='bbox 825 2414 858 2468; x_wconf 89' lang='lat' dir='ltr'><strong>et</strong></span> <span class='ocrx_word' id='word_1_154' title='bbox 883 2403 1043 2479; x_wconf 70' lang='lat' dir='ltr'><strong>uariaret,</strong></span> <span class='ocrx_word' id='word_1_155' title='bbox 1075 2404 1138 2468; x_wconf 91' lang='lat' dir='ltr'><strong>hoc</strong></span> <span class='ocrx_word' id='word_1_156' title='bbox 1159 2405 1258 2468; x_wconf 88' lang='lat' dir='ltr'><strong>modo</strong></span> <span class='ocrx_word' id='word_1_157' title='bbox 1283 2403 1375 2471; x_wconf 83' lang='lat' dir='ltr'><strong>lead</strong></span> 
     </span>
     <span class='ocr_line' id='line_1_23' title="bbox 372 2488 1441 2574; baseline 0.001 -20"><span class='ocrx_word' id='word_1_158' title='bbox 372 2494 438 2554; x_wconf 79' lang='lat' dir='ltr'><strong>uim</strong></span> <span class='ocrx_word' id='word_1_159' title='bbox 455 2491 582 2553; x_wconf 90' lang='lat' dir='ltr'><strong>dicendi</strong></span> <span class='ocrx_word' id='word_1_160' title='bbox 604 2498 637 2551; x_wconf 91' lang='lat' dir='ltr'><strong>et</strong></span> <span class='ocrx_word' id='word_1_161' title='bbox 660 2488 871 2553; x_wconf 68' lang='lat' dir='ltr'><strong>charimerem</strong></span> <span class='ocrx_word' id='word_1_162' title='bbox 893 2491 1136 2574; x_wconf 84' lang='lat' dir='ltr'><strong>Thucydideum</strong></span> <span class='ocrx_word' id='word_1_163' title='bbox 1158 2491 1303 2570; x_wconf 84' lang='lat' dir='ltr'><strong>proxime</strong></span> <span class='ocrx_word' id='word_1_164' title='bbox 1324 2511 1375 2555; x_wconf 86' lang='lat' dir='ltr'><strong>aa·</strong></span> <span class='ocrx_word' id='word_1_165' title='bbox 1438 2557 1441 2562; x_wconf 73' lang='grc'>,</span> 
     </span>
     <span class='ocr_line' id='line_1_24' title="bbox 336 2573 1438 2657; baseline -0.001 -17"><span class='ocrx_word' id='word_1_166' title='bbox 336 2653 338 2657; x_wconf 11' lang='lat' dir='ltr'>y</span> <span class='ocrx_word' id='word_1_167' title='bbox 373 2573 527 2640; x_wconf 82' lang='lat' dir='ltr'><strong>cellarum</strong></span> <span class='ocrx_word' id='word_1_168' title='bbox 552 2583 650 2637; x_wconf 87' lang='lat' dir='ltr'><strong>ratus.</strong></span> <span class='ocrx_word' id='word_1_169' title='bbox 683 2576 815 2639; x_wconf 43' lang='lat' dir='ltr'><strong>*Habet</strong></span> <span class='ocrx_word' id='word_1_170' title='bbox 843 2577 979 2638; x_wconf 87' lang='lat' dir='ltr'><strong>omnino</strong></span> <span class='ocrx_word' id='word_1_171' title='bbox 1004 2575 1057 2637; x_wconf 87' lang='lat' dir='ltr'><strong>illa</strong></span> <span class='ocrx_word' id='word_1_172' title='bbox 1086 2576 1251 2638; x_wconf 86' lang='lat' dir='ltr'><strong>Ciceronis</strong></span> <span class='ocrx_word' id='word_1_173' title='bbox 1271 2578 1311 2640; x_wconf 88' lang='lat' dir='ltr'><strong>ad</strong></span> <span class='ocrx_word' id='word_1_174' title='bbox 1332 2580 1374 2656; x_wconf 91' lang='lat' dir='ltr'><strong>Q.</strong></span> <span class='ocrx_word' id='word_1_175' title='bbox 1435 2614 1438 2619; x_wconf 95' lang='lat'>-</span> 
     </span>
     <span class='ocr_line' id='line_1_25' title="bbox 371 2658 1374 2744; baseline 0.001 -18"><span class='ocrx_word' id='word_1_176' title='bbox 371 2663 515 2727; x_wconf 81' lang='lat' dir='ltr'><strong>Fratrem</strong></span> <span class='ocrx_word' id='word_1_177' title='bbox 535 2659 664 2744; x_wconf 83' lang='lat' dir='ltr'><strong>epistola</strong></span> <span class='ocrx_word' id='word_1_178' title='bbox 685 2658 882 2726; x_wconf 75' lang='lat' dir='ltr'><strong>familiarem</strong></span> <span class='ocrx_word' id='word_1_179' title='bbox 897 2662 1050 2743; x_wconf 89' lang='lat' dir='ltr'><strong>quandam</strong></span> <span class='ocrx_word' id='word_1_180' title='bbox 1069 2659 1256 2723; x_wconf 86' lang='lat' dir='ltr'><strong>hilaritatem</strong></span> <span class='ocrx_word' id='word_1_181' title='bbox 1276 2674 1308 2725; x_wconf 87' lang='lat' dir='ltr'><strong>et</strong></span> <span class='ocrx_word' id='word_1_182' title='bbox 1328 2665 1374 2727; x_wconf 88' lang='lat' dir='ltr'><strong>le·</strong></span> 
     </span>
     <span class='ocr_line' id='line_1_26' title="bbox 370 2744 1376 2834; baseline 0.004 -24"><span class='ocrx_word' id='word_1_183' title='bbox 370 2766 501 2830; x_wconf 81' lang='lat' dir='ltr'><strong>potem,</strong></span> <span class='ocrx_word' id='word_1_184' title='bbox 529 2764 570 2807; x_wconf 81' lang='lat' dir='ltr'><strong>ex</strong></span> <span class='ocrx_word' id='word_1_185' title='bbox 589 2764 655 2829; x_wconf 90' lang='lat' dir='ltr'><strong>quo</strong></span> <span class='ocrx_word' id='word_1_186' title='bbox 674 2747 768 2809; x_wconf 87' lang='lat' dir='ltr'><strong>etiam</strong></span> <span class='ocrx_word' id='word_1_187' title='bbox 787 2746 934 2811; x_wconf 89' lang='lat' dir='ltr'><strong>nonnihil</strong></span> <span class='ocrx_word' id='word_1_188' title='bbox 955 2749 994 2834; x_wconf 79' lang='lat' dir='ltr'><strong>ad</strong></span> <span class='ocrx_word' id='word_1_189' title='bbox 1015 2744 1104 2809; x_wconf 90' lang='lat' dir='ltr'><strong>crifin</strong></span> <span class='ocrx_word' id='word_1_190' title='bbox 1125 2745 1320 2812; x_wconf 87' lang='lat' dir='ltr'><strong>Callisthenis</strong></span> <span class='ocrx_word' id='word_1_191' title='bbox 1341 2757 1376 2814; x_wconf 83' lang='lat' dir='ltr'><strong>et</strong></span> 
     </span>
     <span class='ocr_line' id='line_1_27' title="bbox 280 2830 1374 2909; baseline 0.002 -11"><span class='ocrx_word' id='word_1_192' title='bbox 280 2842 282 2846; x_wconf 83' lang='grc'><strong>’</strong></span> <span class='ocrx_word' id='word_1_193' title='bbox 370 2830 491 2898; x_wconf 83' lang='lat' dir='ltr'><strong>Philisti</strong></span> <span class='ocrx_word' id='word_1_194' title='bbox 511 2831 709 2895; x_wconf 89' lang='lat' dir='ltr'><strong>redundauit.</strong></span> <span class='ocrx_word' id='word_1_195' title='bbox 741 2831 905 2898; x_wconf 83' lang='lat' dir='ltr'><strong>Manifeste</strong></span> <span class='ocrx_word' id='word_1_196' title='bbox 928 2832 1059 2909; x_wconf 75' lang='lat' dir='ltr'><strong>Cicero,</strong></span> <span class='ocrx_word' id='word_1_197' title='bbox 1080 2852 1153 2894; x_wconf 89' lang='lat' dir='ltr'><strong>cum</strong></span> <span class='ocrx_word' id='word_1_198' title='bbox 1174 2833 1212 2894; x_wconf 90' lang='lat' dir='ltr'><strong>ad</strong></span> <span class='ocrx_word' id='word_1_199' title='bbox 1232 2834 1374 2900; x_wconf 82' lang='lat' dir='ltr'><strong>Fratrem</strong></span> 
     </span>
     <span class='ocr_line' id='line_1_28' title="bbox 370 2914 1373 3000; baseline 0.006 -21"><span class='ocrx_word' id='word_1_200' title='bbox 370 2916 528 2985; x_wconf 85' lang='lat' dir='ltr'><strong>scriberet.</strong></span> <span class='ocrx_word' id='word_1_201' title='bbox 539 2914 729 2981; x_wconf 87' lang='lat' dir='ltr'><strong>Graecarum</strong></span> <span class='ocrx_word' id='word_1_202' title='bbox 739 2928 1045 3000; x_wconf 77' lang='lat' dir='ltr'><strong>rerumamantern,</strong></span> <span class='ocrx_word' id='word_1_203' title='bbox 1081 2918 1113 2980; x_wconf 89' lang='lat' dir='ltr'><strong>in</strong></span> <span class='ocrx_word' id='word_1_204' title='bbox 1133 2915 1263 2981; x_wconf 87' lang='lat' dir='ltr'><strong>Graecis</strong></span> <span class='ocrx_word' id='word_1_205' title='bbox 1283 2922 1373 2986; x_wconf 89' lang='lat' dir='ltr'><strong>colo·</strong></span> 
     </span>
     <span class='ocr_line' id='line_1_29' title="bbox 370 3001 1384 3091; baseline 0.004 -23"><span class='ocrx_word' id='word_1_206' title='bbox 370 3006 459 3068; x_wconf 90' lang='lat' dir='ltr'><strong>ribus</strong></span> <span class='ocrx_word' id='word_1_207' title='bbox 481 3002 656 3068; x_wconf 87' lang='lat' dir='ltr'><strong>elocutioni</strong></span> <span class='ocrx_word' id='word_1_208' title='bbox 676 3003 842 3068; x_wconf 88' lang='lat' dir='ltr'><strong>allinendis</strong></span> <span class='ocrx_word' id='word_1_209' title='bbox 862 3003 951 3068; x_wconf 88' lang='lat' dir='ltr'><strong>lufit:</strong></span> <span class='ocrx_word' id='word_1_210' title='bbox 973 3001 1261 3091; x_wconf 69' lang='lat' dir='ltr'><strong>„Aeculanum</strong></span> <span class='ocrx_word' id='word_1_211' title='bbox 1280 3015 1309 3069; x_wconf 84' lang='lat' dir='ltr'><strong>et</strong></span> <span class='ocrx_word' id='word_1_212' title='bbox 1329 3007 1384 3076; x_wconf 68' lang='lat' dir='ltr'><strong>aas</strong></span> 
     </span>
    </p>
   </div>
   <div class='ocr_carea' id='block_1_8' title="bbox 243 3087 1373 3175">
    <p class='ocr_par' dir='ltr' id='par_1_9' title="bbox 243 3087 1373 3175">
     <span class='ocr_line' id='line_1_30' title="bbox 243 3087 1373 3175; baseline -0.003 -17"><span class='ocrx_word' id='word_1_213' title='bbox 243 3166 248 3171; x_wconf 50' lang='grc'><strong>,</strong></span> <span class='ocrx_word' id='word_1_214' title='bbox 330 3159 336 3168; x_wconf 71' lang='grc'><strong><em>,</em></strong></span> <span class='ocrx_word' id='word_1_215' title='bbox 371 3089 532 3175; x_wconf 78' lang='lat' dir='ltr'><strong>Philistum</strong></span> <span class='ocrx_word' id='word_1_216' title='bbox 550 3087 658 3166; x_wconf 85' lang='lat' dir='ltr'><strong>redeo,</strong></span> <span class='ocrx_word' id='word_1_217' title='bbox 695 3090 813 3173; x_wconf 88' lang='lat' dir='ltr'><strong>inquit,</strong></span> <span class='ocrx_word' id='word_1_218' title='bbox 848 3093 880 3155; x_wconf 86' lang='lat' dir='ltr'><strong>iu</strong></span> <span class='ocrx_word' id='word_1_219' title='bbox 901 3088 1020 3175; x_wconf 51' lang='lat' dir='ltr'><strong>¹quadus</strong></span> <span class='ocrx_word' id='word_1_220' title='bbox 1037 3097 1067 3152; x_wconf 81' lang='lat' dir='ltr'><strong>te</strong></span> <span class='ocrx_word' id='word_1_221' title='bbox 1087 3090 1173 3174; x_wconf 78' lang='lat' dir='ltr'><strong>uideo</strong></span> <span class='ocrx_word' id='word_1_222' title='bbox 1193 3089 1373 3156; x_wconf 85' lang='lat' dir='ltr'><strong>volutatum.</strong></span> 
     </span>
    </p>
   </div>
   <div class='ocr_carea' id='block_1_9' title="bbox 279 3172 1417 4111">
    <p class='ocr_par' dir='ltr' id='par_1_10' title="bbox 279 3172 1417 4111">
     <span class='ocr_line' id='line_1_31' title="bbox 371 3172 1375 3261; baseline 0.002 -22"><span class='ocrx_word' id='word_1_223' title='bbox 371 3172 563 3261; x_wconf 78' lang='lat' dir='ltr'><strong>Callisthenes</strong></span> <span class='ocrx_word' id='word_1_224' title='bbox 584 3174 702 3257; x_wconf 82' lang='lat' dir='ltr'><strong>quidem</strong></span> <span class='ocrx_word' id='word_1_225' title='bbox 721 3178 850 3260; x_wconf 85' lang='lat' dir='ltr'><strong>vulgare</strong></span> <span class='ocrx_word' id='word_1_226' title='bbox 869 3184 900 3239; x_wconf 78' lang='lat' dir='ltr'><strong>et</strong></span> <span class='ocrx_word' id='word_1_227' title='bbox 919 3185 1023 3240; x_wconf 82' lang='lat' dir='ltr'><strong>eratum</strong></span> <span class='ocrx_word' id='word_1_228' title='bbox 1043 3176 1211 3257; x_wconf 79' lang='lat' dir='ltr'><strong>negotium,</strong></span> <span class='ocrx_word' id='word_1_229' title='bbox 1231 3177 1375 3259; x_wconf 58' lang='lat' dir='ltr'><strong>quemad&gt;</strong></span> 
     </span>
     <span class='ocr_line' id='line_1_32' title="bbox 290 3256 1370 3343; baseline -0.002 -17"><span class='ocrx_word' id='word_1_230' title='bbox 290 3321 292 3326; x_wconf 28' lang='lat' dir='ltr'>s</span> <span class='ocrx_word' id='word_1_231' title='bbox 372 3262 492 3325; x_wconf 81' lang='lat' dir='ltr'><strong>modum</strong></span> <span class='ocrx_word' id='word_1_232' title='bbox 513 3256 625 3324; x_wconf 85' lang='lat' dir='ltr'><strong>Graeci</strong></span> <span class='ocrx_word' id='word_1_233' title='bbox 642 3263 759 3343; x_wconf 83' lang='lat' dir='ltr'><strong>aliquot</strong></span> <span class='ocrx_word' id='word_1_234' title='bbox 782 3264 872 3323; x_wconf 87' lang='lat' dir='ltr'><strong>locuti</strong></span> <span class='ocrx_word' id='word_1_235' title='bbox 880 3258 965 3343; x_wconf 81' lang='lat' dir='ltr'><strong>semi,</strong></span> <span class='ocrx_word' id='word_1_236' title='bbox 1029 3259 1229 3333; x_wconf 66' lang='lat' dir='ltr'><strong>Sicularum,</strong></span> <span class='ocrx_word' id='word_1_237' title='bbox 1251 3264 1370 3341; x_wconf 84' lang='lat' dir='ltr'><strong>capita·</strong></span> 
     </span>
     <span class='ocr_line' id='line_1_33' title="bbox 279 3342 1370 3429; baseline 0.005 -20"><span class='ocrx_word' id='word_1_238' title='bbox 279 3393 286 3429; x_wconf 72' lang='lat'>‚</span> <span class='ocrx_word' id='word_1_239' title='bbox 369 3348 411 3409; x_wconf 90' lang='lat' dir='ltr'><strong>lis</strong></span> <span class='ocrx_word' id='word_1_240' title='bbox 419 3347 439 3419; x_wconf 59' lang='grc' dir='ltr'><strong>,ᾗ</strong></span> <span class='ocrx_word' id='word_1_241' title='bbox 459 3344 578 3422; x_wconf 77' lang='lat' dir='ltr'><strong>creber,</strong></span> <span class='ocrx_word' id='word_1_242' title='bbox 605 3353 731 3420; x_wconf 83' lang='lat' dir='ltr'><strong>acutus,</strong></span> <span class='ocrx_word' id='word_1_243' title='bbox 760 3345 880 3420; x_wconf 85' lang='lat' dir='ltr'><strong>breuis,</strong></span> <span class='ocrx_word' id='word_1_244' title='bbox 906 3365 1000 3425; x_wconf 79' lang='lat' dir='ltr'><strong>paene</strong></span> <span class='ocrx_word' id='word_1_245' title='bbox 1019 3344 1140 3429; x_wconf 73' lang='lat' dir='ltr'><strong>pustllus</strong></span> <span class='ocrx_word' id='word_1_246' title='bbox 1165 3342 1370 3428; x_wconf 75' lang='lat' dir='ltr'><strong>Thucydides:</strong></span> 
     </span>
     <span class='ocr_line' id='line_1_34' title="bbox 280 3426 1417 3513; baseline 0.002 -19"><span class='ocrx_word' id='word_1_247' title='bbox 280 3497 285 3503; x_wconf 72' lang='grc'><strong>,</strong></span> <span class='ocrx_word' id='word_1_248' title='bbox 359 3429 419 3513; x_wconf 83' lang='lat' dir='ltr'><strong>sed</strong></span> <span class='ocrx_word' id='word_1_249' title='bbox 445 3438 539 3491; x_wconf 65' lang='lat' dir='ltr'><strong>atros&gt;</strong></span> <span class='ocrx_word' id='word_1_250' title='bbox 561 3429 628 3491; x_wconf 84' lang='lat' dir='ltr'><strong>eius</strong></span> <span class='ocrx_word' id='word_1_251' title='bbox 654 3426 798 3493; x_wconf 79' lang='lat' dir='ltr'><strong>habueris</strong></span> <span class='ocrx_word' id='word_1_252' title='bbox 820 3429 914 3493; x_wconf 77' lang='lat' dir='ltr'><strong>libros</strong></span> <span class='ocrx_word' id='word_1_253' title='bbox 933 3430 1006 3509; x_wconf 84' lang='lat' dir='ltr'><strong>(duo</strong></span> <span class='ocrx_word' id='word_1_254' title='bbox 1025 3434 1103 3494; x_wconf 87' lang='lat' dir='ltr'><strong>euim</strong></span> <span class='ocrx_word' id='word_1_255' title='bbox 1119 3426 1196 3513; x_wconf 80' lang='lat' dir='ltr'><strong>sum</strong></span> <span class='ocrx_word' id='word_1_256' title='bbox 1218 3431 1369 3512; x_wconf 80' lang='lat' dir='ltr'><strong>corpora)</strong></span> <span class='ocrx_word' id='word_1_257' title='bbox 1411 3501 1417 3511; x_wconf 24' lang='lat' dir='ltr'>x</span> 
     </span>
     <span class='ocr_line' id='line_1_35' title="bbox 289 3511 1370 3599; baseline 0.003 -21"><span class='ocrx_word' id='word_1_258' title='bbox 289 3546 293 3551; x_wconf 90' lang='lat'>·</span> <span class='ocrx_word' id='word_1_259' title='bbox 343 3535 411 3581; x_wconf 60' lang='lat' dir='ltr'><strong>‘aa</strong></span> <span class='ocrx_word' id='word_1_260' title='bbox 440 3523 598 3597; x_wconf 84' lang='lat' dir='ltr'><strong>utrosque,</strong></span> <span class='ocrx_word' id='word_1_261' title='bbox 632 3511 735 3597; x_wconf 73' lang='lat' dir='ltr'><strong>uasere.</strong></span> <span class='ocrx_word' id='word_1_262' title='bbox 795 3517 849 3579; x_wconf 83' lang='lat' dir='ltr'><strong>Me</strong></span> <span class='ocrx_word' id='word_1_263' title='bbox 873 3518 978 3599; x_wconf 77' lang='lat' dir='ltr'><strong>aragia·</strong></span> <span class='ocrx_word' id='word_1_264' title='bbox 1003 3517 1040 3582; x_wconf 83' lang='lat' dir='ltr'><strong>de</strong></span> <span class='ocrx_word' id='word_1_265' title='bbox 1064 3513 1207 3598; x_wconf 75' lang='lat' dir='ltr'><strong>Dionysio</strong></span> <span class='ocrx_word' id='word_1_266' title='bbox 1226 3515 1370 3581; x_wconf 75' lang='lat' dir='ltr'><strong>deleliatr</strong></span> 
     </span>
     <span class='ocr_line' id='line_1_36' title="bbox 351 3591 1369 3686; baseline 0 -20"><span class='ocrx_word' id='word_1_267' title='bbox 351 3591 430 3684; x_wconf 75' lang='lat' dir='ltr'><strong>&#39;ipse</strong></span> <span class='ocrx_word' id='word_1_268' title='bbox 449 3600 527 3663; x_wconf 86' lang='lat' dir='ltr'><strong>euim</strong></span> <span class='ocrx_word' id='word_1_269' title='bbox 550 3600 590 3683; x_wconf 82' lang='lat' dir='ltr'><strong>est</strong></span> <span class='ocrx_word' id='word_1_270' title='bbox 610 3608 766 3666; x_wconf 65' lang='lat' dir='ltr'><strong>emanator</strong></span> <span class='ocrx_word' id='word_1_271' title='bbox 790 3619 940 3684; x_wconf 85' lang='lat' dir='ltr'><strong>maguus,</strong></span> <span class='ocrx_word' id='word_1_272' title='bbox 972 3610 1004 3665; x_wconf 82' lang='lat' dir='ltr'><strong>et</strong></span> <span class='ocrx_word' id='word_1_273' title='bbox 1026 3600 1253 3686; x_wconf 79' lang='lat' dir='ltr'><strong>perfamiliaris</strong></span> <span class='ocrx_word' id='word_1_274' title='bbox 1271 3598 1369 3666; x_wconf 82' lang='lat' dir='ltr'><strong>Pleili·</strong></span> 
     </span>
     <span class='ocr_line' id='line_1_37' title="bbox 363 3683 1368 3775; baseline 0.003 -26"><span class='ocrx_word' id='word_1_275' title='bbox 363 3688 450 3775; x_wconf 50' lang='grc' dir='ltr'><strong>βοᾷ6</strong></span> <span class='ocrx_word' id='word_1_276' title='bbox 513 3683 631 3752; x_wconf 84' lang='lat' dir='ltr'><strong>Nonne</strong></span> <span class='ocrx_word' id='word_1_277' title='bbox 659 3684 834 3749; x_wconf 73' lang='lat' dir='ltr'><strong>huessant</strong></span> <span class='ocrx_word' id='word_1_278' title='bbox 858 3686 989 3768; x_wconf 83' lang='lat' dir='ltr'><strong>hilarius</strong></span> <span class='ocrx_word' id='word_1_279' title='bbox 1023 3700 1055 3749; x_wconf 89' lang='lat' dir='ltr'><strong>et</strong></span> <span class='ocrx_word' id='word_1_280' title='bbox 1090 3683 1226 3748; x_wconf 88' lang='lat' dir='ltr'><strong>iocofius</strong></span> <span class='ocrx_word' id='word_1_281' title='bbox 1260 3684 1368 3752; x_wconf 72' lang='lat' dir='ltr'><strong>dille?</strong></span> 
     </span>
     <span class='ocr_line' id='line_1_38' title="bbox 368 3766 1368 3855; baseline -0.002 -17"><span class='ocrx_word' id='word_1_282' title='bbox 368 3774 486 3838; x_wconf 91' lang='lat' dir='ltr'><strong>Nonne</strong></span> <span class='ocrx_word' id='word_1_283' title='bbox 508 3769 542 3832; x_wconf 89' lang='lat' dir='ltr'><strong>in</strong></span> <span class='ocrx_word' id='word_1_284' title='bbox 560 3770 615 3833; x_wconf 90' lang='lat' dir='ltr'><strong>tali</strong></span> <span class='ocrx_word' id='word_1_285' title='bbox 635 3772 712 3835; x_wconf 88' lang='lat' dir='ltr'><strong>ioco</strong></span> <span class='ocrx_word' id='word_1_286' title='bbox 738 3783 849 3835; x_wconf 89' lang='lat' dir='ltr'><strong>natura</strong></span> <span class='ocrx_word' id='word_1_287' title='bbox 873 3781 1088 3855; x_wconf 84' lang='lat' dir='ltr'><strong>comparatum</strong></span> <span class='ocrx_word' id='word_1_288' title='bbox 1109 3766 1170 3843; x_wconf 85' lang='lat' dir='ltr'><strong>est&#39;‚</strong></span> <span class='ocrx_word' id='word_1_289' title='bbox 1205 3778 1238 3832; x_wconf 93' lang='lat' dir='ltr'><strong>vt</strong></span> <span class='ocrx_word' id='word_1_290' title='bbox 1258 3768 1368 3838; x_wconf 84' lang='lat' dir='ltr'><strong>finon</strong></span> 
     </span>
     <span class='ocr_line' id='line_1_39' title="bbox 368 3854 1367 3940; baseline 0.002 -21"><span class='ocrx_word' id='word_1_291' title='bbox 368 3859 563 3940; x_wconf 88' lang='lat' dir='ltr'><strong>reperiamus</strong></span> <span class='ocrx_word' id='word_1_292' title='bbox 581 3856 691 3932; x_wconf 87' lang='lat' dir='ltr'><strong>verba,</strong></span> <span class='ocrx_word' id='word_1_293' title='bbox 712 3876 791 3940; x_wconf 89' lang='lat' dir='ltr'><strong>quae</strong></span> <span class='ocrx_word' id='word_1_294' title='bbox 811 3856 897 3921; x_wconf 85' lang='lat' dir='ltr'><strong>istam</strong></span> <span class='ocrx_word' id='word_1_295' title='bbox 919 3858 1105 3922; x_wconf 86' lang='lat' dir='ltr'><strong>hilaritatem</strong></span> <span class='ocrx_word' id='word_1_296' title='bbox 1124 3854 1259 3918; x_wconf 87' lang='lat' dir='ltr'><strong>nostram</strong></span> <span class='ocrx_word' id='word_1_297' title='bbox 1279 3858 1367 3921; x_wconf 89' lang='lat' dir='ltr'><strong>adiu·</strong></span> 
     </span>
     <span class='ocr_line' id='line_1_40' title="bbox 367 3940 1387 4022; baseline 0.005 -18"><span class='ocrx_word' id='word_1_298' title='bbox 367 3953 459 4018; x_wconf 88' lang='lat' dir='ltr'><strong>vent,</strong></span> <span class='ocrx_word' id='word_1_299' title='bbox 495 3941 649 4004; x_wconf 88' lang='lat' dir='ltr'><strong>nonnulla</strong></span> <span class='ocrx_word' id='word_1_300' title='bbox 675 3961 856 4018; x_wconf 50' lang='lat' dir='ltr'><strong>nouemuss</strong></span> <span class='ocrx_word' id='word_1_301' title='bbox 884 3944 935 4006; x_wconf 87' lang='lat' dir='ltr'><strong>vel</strong></span> <span class='ocrx_word' id='word_1_302' title='bbox 963 3943 1089 4022; x_wconf 80' lang='lat' dir='ltr'><strong>aliunde</strong></span> <span class='ocrx_word' id='word_1_303' title='bbox 1115 3940 1387 4009; x_wconf 56' lang='lat' dir='ltr'><strong>transferamus?⁴</strong></span> 
     </span>
     <span class='ocr_line' id='line_1_41' title="bbox 363 4025 1366 4111; baseline 0.003 -19"><span class='ocrx_word' id='word_1_304' title='bbox 363 4029 472 4111; x_wconf 89' lang='lat' dir='ltr'><strong>Itaque</strong></span> <span class='ocrx_word' id='word_1_305' title='bbox 495 4047 568 4089; x_wconf 89' lang='lat' dir='ltr'><strong>curn</strong></span> <span class='ocrx_word' id='word_1_306' title='bbox 589 4027 669 4089; x_wconf 92' lang='lat' dir='ltr'><strong>illud</strong></span> <span class='ocrx_word' id='word_1_307' title='bbox 690 4029 819 4110; x_wconf 86' lang='lat' dir='ltr'><strong>vulgare</strong></span> <span class='ocrx_word' id='word_1_308' title='bbox 838 4036 869 4091; x_wconf 84' lang='lat' dir='ltr'><strong>et</strong></span> <span class='ocrx_word' id='word_1_309' title='bbox 888 4038 992 4092; x_wconf 84' lang='lat' dir='ltr'><strong>uotum</strong></span> <span class='ocrx_word' id='word_1_310' title='bbox 1012 4028 1164 4109; x_wconf 79' lang='lat' dir='ltr'><strong>negotium</strong></span> <span class='ocrx_word' id='word_1_311' title='bbox 1183 4047 1222 4088; x_wconf 86' lang='lat' dir='ltr'><strong>ex</strong></span> <span class='ocrx_word' id='word_1_312' title='bbox 1245 4025 1366 4095; x_wconf 76' lang='lat' dir='ltr'><strong>Graeca</strong></span> 
     </span>
    </p>
   </div>
   <div class='ocr_carea' id='block_1_10' title="bbox 262 4112 1365 4195">
    <p class='ocr_par' dir='ltr' id='par_1_11' title="bbox 262 4112 1365 4195">
     <span class='ocr_line' id='line_1_42' title="bbox 262 4112 1365 4195; baseline 0.003 -20"><span class='ocrx_word' id='word_1_313' title='bbox 262 4136 267 4149; x_wconf 87' lang='lat'>·</span> <span class='ocrx_word' id='word_1_314' title='bbox 364 4112 591 4176; x_wconf 88' lang='lat' dir='ltr'><strong>consuetudine</strong></span> <span class='ocrx_word' id='word_1_315' title='bbox 619 4113 772 4195; x_wconf 91' lang='lat' dir='ltr'><strong>loquendi</strong></span> <span class='ocrx_word' id='word_1_316' title='bbox 801 4131 869 4175; x_wconf 91' lang='lat' dir='ltr'><strong>non</strong></span> <span class='ocrx_word' id='word_1_317' title='bbox 897 4112 960 4176; x_wconf 85' lang='lat' dir='ltr'><strong>fine</strong></span> <span class='ocrx_word' id='word_1_318' title='bbox 980 4112 1091 4194; x_wconf 90' lang='lat' dir='ltr'><strong>lepore</strong></span> <span class='ocrx_word' id='word_1_319' title='bbox 1109 4112 1244 4194; x_wconf 88' lang='lat' dir='ltr'><strong>quodam</strong></span> <span class='ocrx_word' id='word_1_320' title='bbox 1265 4122 1365 4178; x_wconf 87' lang='lat' dir='ltr'><strong>trans-</strong></span> 
     </span>
    </p>
   </div>
   <div class='ocr_carea' id='block_1_11' title="bbox 337 4188 1433 4543">
    <p class='ocr_par' dir='ltr' id='par_1_12' title="bbox 289 4188 1433 4543">
     <span class='ocr_line' id='line_1_43' title="bbox 337 4188 1381 4281; baseline 0.006 -23"><span class='ocrx_word' id='word_1_321' title='bbox 337 4196 459 4260; x_wconf 88' lang='lat' dir='ltr'><strong>-latum</strong></span> <span class='ocrx_word' id='word_1_322' title='bbox 482 4194 681 4275; x_wconf 82' lang='lat' dir='ltr'><strong>adhibuillet,</strong></span> <span class='ocrx_word' id='word_1_323' title='bbox 700 4189 981 4281; x_wconf 56' lang='lat' dir='ltr'><strong>(edmadpduareu</strong></span> <span class='ocrx_word' id='word_1_324' title='bbox 999 4198 1125 4281; x_wconf 70' lang='grc' dir='ltr'><strong><em>πρᾶγμα</em></strong></span> <span class='ocrx_word' id='word_1_325' title='bbox 1150 4188 1200 4277; x_wconf 73' lang='lat' dir='ltr'><strong>eal</strong></span> <span class='ocrx_word' id='word_1_326' title='bbox 1225 4192 1244 4258; x_wconf 76' lang='lat' dir='ltr'><strong>a}</strong></span> <span class='ocrx_word' id='word_1_327' title='bbox 1268 4195 1381 4264; x_wconf 54' lang='lat' dir='ltr'><strong>aelle?</strong></span> 
     </span>
     <span class='ocr_line' id='line_1_44' title="bbox 360 4272 1433 4366; baseline 0.011 -24.193"><span class='ocrx_word' id='word_1_328' title='bbox 360 4272 534 4363; x_wconf 69' lang='lat' dir='ltr'><strong>ilfeeuipl&#39;e</strong></span> <span class='ocrx_word' id='word_1_329' title='bbox 559 4284 703 4347; x_wconf 87' lang='lat' dir='ltr'><strong>Muretus</strong></span> <span class='ocrx_word' id='word_1_330' title='bbox 720 4274 772 4348; x_wconf 62' lang='lat' dir='ltr'><strong>‘ex</strong></span> <span class='ocrx_word' id='word_1_331' title='bbox 792 4284 934 4349; x_wconf 77' lang='lat' dir='ltr'><strong>Lucieno</strong></span> <span class='ocrx_word' id='word_1_332' title='bbox 956 4278 1237 4366; x_wconf 70' lang='lat' dir='ltr'><strong>contulit)¹quidnl</strong></span> <span class='ocrx_word' id='word_1_333' title='bbox 1258 4287 1364 4351; x_wconf 89' lang='lat' dir='ltr'><strong>creda·</strong></span> <span class='ocrx_word' id='word_1_334' title='bbox 1391 4337 1394 4343; x_wconf 87' lang='lat'><strong>.</strong></span> <span class='ocrx_word' id='word_1_335' title='bbox 1429 4350 1433 4354; x_wconf 81' lang='grc'>,</span> 
     </span>
     <span class='ocr_line' id='line_1_45' title="bbox 361 4367 1363 4543; baseline 0 -112"><span class='ocrx_word' id='word_1_336' title='bbox 361 4383 432 4431; x_wconf 84' lang='lat' dir='ltr'><strong>mus</strong></span> <span class='ocrx_word' id='word_1_337' title='bbox 465 4368 625 4450; x_wconf 78' lang='lat' dir='ltr'><strong>capitalem</strong></span> <span class='ocrx_word' id='word_1_338' title='bbox 653 4370 751 4435; x_wconf 88' lang='lat' dir='ltr'><strong>etiam</strong></span> <span class='ocrx_word' id='word_1_339' title='bbox 779 4367 904 4480; x_wconf 62' lang='lat' dir='ltr'><strong>duilio,</strong></span> <span class='ocrx_word' id='word_1_340' title='bbox 946 4389 1039 4456; x_wconf 85' lang='lat' dir='ltr'><strong>quern</strong></span> <span class='ocrx_word' id='word_1_341' title='bbox 1064 4367 1363 4543; x_wconf 43' lang='grc' dir='ltr'><strong>Εταεοὲὲὲἓλεὲἵωςῖἷ</strong></span> 
     </span>
    </p>
   </div>
   <div class='ocr_carea' id='block_1_12' title="bbox 0 0 1772 5375">
    <p class='ocr_par' dir='ltr' id='par_1_13' title="bbox 0 0 1772 5375">
     <span class='ocr_line' id='line_1_46' title="bbox 0 0 1772 5375; baseline 0 5"><span class='ocrx_word' id='word_1_342' title='bbox 0 0 1772 5375; x_wconf 95' lang='lat' dir='ltr'><strong> </strong></span> 
     </span>
    </p>
   </div>
  </div>
 </body>
</html>
