3534 5375
434 599 555 681 aaax
678 650 681 656 .
766 564 1101 683 raturrrto

436 781 573 853 Cicero
594 781 665 871 ait,
714 777 765 855 de
798 785 1052 899 quoxratione
1072 800 1110 855 et
1133 783 1192 854 via
1214 777 1442 882 disputetur,

433 902 477 979 id
498 899 550 977 est
572 902 622 993 ad
642 900 809 978 vltimam
828 903 883 979 sui
903 903 1240 1006 genetiuformam
1263 902 1443 1013 speciem·

435 1051 513 1131 que
534 1024 796 1128 redigendum.

507 1270 572 1349 De
591 1272 712 1350 altero
737 1297 878 1376 genere
902 1271 1164 1374 eloquentiae,
1192 1271 1298 1373 qnod
1315 1291 1440 1351 totum

361 1402 711 1481 Germanorum
733 1403 930 1498 proprium
957 1395 1026 1490 est,
1077 1416 1116 1471 et
1137 1395 1186 1469 ad
1211 1421 1343 1471 eorum
1367 1397 1438 1470 lin

434 1551 568 1633 guam,
611 1520 797 1628 indolem,
834 1548 978 1617 mores,
1002 1516 1158 1612 studia,
1198 1520 1344 1612 literas,
1377 1547 1459 1634 ac·=

278 1632 280 1636 Ι
373 1717 381 1723 .
434 1639 802 1736 commodandum,
832 1644 985 1724 breuius
1030 1643 1238 1723 dicendum
1277 1643 1437 1724 ridetur

431 1779 531 1854 Nam
563 1769 675 1876 quale
708 1769 803 1845 illud
830 1769 938 1867 esset,
992 1792 1032 1849 et
1060 1796 1173 1872 quam
1207 1768 1438 1850 diuersuma

430 1899 574 1979 latinae
603 1894 726 1968 forma
756 1894 1016 1996 eloquentiae,
1065 1897 1172 1998 supra
1204 1921 1436 1973 commemo..

430 2028 526 2103 raui.
599 2024 710 2095 Hanc
736 2038 865 2094 autem
893 2017 1055 2117 nostram
1086 2022 1238 2100 dicendi
1263 2022 1324 2096 vel
1352 2020 1435 2099 scri-

428 2148 548 2227 bendi
563 2150 769 2231 rationem,
797 2143 1072 2246 qualiscunque
1087 2146 1241 2220 demum
1258 2143 1312 2239 fit,
1338 2175 1436 2228 non.

375 2312 379 2319 ·
428 2271 524 2351 dum
554 2268 626 2347 else
654 2275 866 2372 praeceptis
889 2268 1100 2359 definitam,
1155 2289 1271 2371 atque
1298 2276 1339 2350 in
1368 2275 1436 2348 ali,

412 2424 545 2503 ¹quam
575 2400 663 2469 artis
694 2392 855 2470 somnam
877 2379 931 2466 ita
951 2390 1158 2489 inclusam,
1189 2395 1233 2469 'vt
1256 2398 1433 2477 omnibus
1477 2416 1482 2431 '

378 2607 382 2614 ²
427 2543 470 2618 ot
506 2520 620 2596 rebus
661 2538 701 2594 et
738 2517 909 2620 partibus
946 2516 1154 2595 absolutam
1190 2519 1433 2603 Rhetoricam
1488 2510 1496 2519 ,

428 2646 668 2736 haberemus,
693 2640 806 2719 facile
820 2643 1051 2745 intelligitur.
1092 2649 1189 2720 Nam
1205 2670 1293 2724 cum
1309 2658 1433 2734 omnis

405 2771 626 2874 -liominum
645 2766 908 2870 prudentium,
948 2770 1168 2863 doctorum,
1207 2774 1431 2874 politorum-

425 2922 523 3001 que,
555 2894 606 2984 ad
625 2890 731 2969 sanos
753 2911 793 2967 et
816 2896 984 2970 eruditos
1008 2915 1047 2971 et
1061 2895 1233 2973 liberales
1256 2920 1295 2976 et
1315 2930 1429 2979 venu-

425 3020 501 3100 stos
527 3012 701 3114 homines
724 3018 784 3093 vel
809 3018 910 3095 dicta
928 3019 988 3096 vel
1011 3018 1143 3125 scripta
1164 3030 1304 3118 oratio,
1344 3057 1427 3128 par,

303 3242 305 3245 Ι
343 3216 347 3224 ,
425 3152 497 3233 tim
544 3170 671 3222 rerum
705 3144 913 3246 prudenter
953 3164 994 3220 et
1032 3166 1144 3222 acute
1180 3155 1427 3249 cogitatarum

424 3253 693 3359 tractationem
732 3287 877 3369 aptam,
927 3267 1239 3373 dispostamque,
1289 3282 1426 3374 partim

424 3378 641 3501 verborum
676 3416 764 3466 cum
810 3390 1040 3491 singulorum
1087 3412 1170 3468 tum
1208 3400 1433 3483 iunctorum·

423 3538 586 3624 rectam,
620 3513 812 3590 venustam
834 3522 1136 3621 concinnamque
1159 3518 1427 3603 conformatio
1526 3611 1530 3618 ,

373 3713 381 3722 ,
422 3669 516 3732 nem
537 3607 678 3716 habere
707 3639 907 3741 debeat,
911 3641 993 3719 sieri
1023 3662 1151 3719 autem
1179 3643 1288 3745 poffit
1309 3669 1347 3728 et
1369 3651 1426 3728 so

421 3757 519 3861 leat,
552 3784 591 3840 vt
612 3765 748 3841 eadem
769 3765 819 3863 ab
841 3768 922 3847 aliis
946 3787 1067 3863 recte,
1099 3788 1229 3874 acute,
1267 3800 1423 3880 compo·
1425 3871 1430 3876 ⁵

414 3890 511 4000 sue,
548 3896 738 3970 concinne
761 3911 800 3966 et
820 3914 925 3996 apte,
940 3897 1019 3972 ab
1042 3896 1158 3975 aliis
1146 3918 1284 4002 mepte,
1309 3902 1423 3980 disso

409 4014 520 4123 ¹lpte,
556 4014 703 4118 aspere,
746 4016 938 4094 dicantur:
991 4027 1139 4123 cogitur
1158 4010 1320 4126 primum
1341 4049 1424 4104 arte

420 4099 613 4268 quadam
608 4161 648 4217 et
669 4147 880 4243 praeceptis
903 4169 997 4248 opus
1023 4145 1114 4240 effe,
1156 4175 1254 4251 quae
1278 4157 1423 4253 optime
1525 4176 1527 4179 ’

418 4263 576 4359 dicendi
590 4244 751 4363 modum
764 4264 964 4361 definiant,
999 4268 1137 4348 deinde
1155 4299 1307 4352 omnem
1321 4276 1422 4356 hanc
1522 4377 1525 4382 ,

409 4392 700 4499 *insumuonem
724 4390 889 4489 duabas
885 4382 1069 4523 partibus
1101 4395 1286 4499 constare,
1329 4430 1421 4507 qua

1335 4544 1465 4617 mm.
