3534 5375
772 576 1014 690 phau
1087 541 1090 544 <
1187 642 1189 647 -
1266 613 1379 708 2303·
1447 608 1466 646 ¹

379 760 450 825 dam
470 763 504 824 et
522 760 650 844 pondus
671 759 809 829 accedit:
831 767 925 844 vtque
945 759 1074 842 corpori
1095 755 1231 839 serrum,
1251 762 1293 829 sic
1307 786 1376 831 ora·

378 846 427 910 tio
447 849 566 924 animo,
588 868 655 912 non
674 847 738 912 itta
758 848 870 929 magis,
884 865 975 929 quarn
988 867 1077 911 mora
1097 849 1398 929 imprimitur.“·-a·
1434 858 1453 931 Jx

377 932 504 998 Deinde
524 953 661 1016 premere
681 934 813 996 alterum
835 934 950 996 dicitur
975 931 1057 1014 apud
1083 931 1214 997 Latinos
1245 937 1293 1011 is,
1321 938 1376 1021 qui

378 1037 408 1078 ν.
437 1038 465 1082 c.
493 1018 671 1102 fugientem
703 1037 769 1083 non
795 1017 964 1101 relinquit,
992 1015 1044 1081 sed
1069 1016 1168 1093 veluti
1196 1020 1320 1085 inhians
1341 1031 1376 1089 et

377 1103 624 1185 deprehensurus
647 1103 799 1187 sequitur3
831 1106 973 1187 adeoque
994 1096 1139 1168 adiunsm
1160 1105 1190 1169 ei
1211 1108 1308 1171 verbo
1330 1108 1376 1175 est
1398 1096 1409 1123 ⁸

377 1190 472 1253 notio
490 1190 658 1256 alacritatis
678 1191 841 1254 cuiusdam
862 1197 895 1253 et
920 1189 1156 1265 vehementiae,
1180 1208 1239 1273 qua
1259 1192 1374 1276 aliquid
1440 1236 1446 1247 =

377 1276 519 1357 agimus,
545 1287 708 1351 tenemus,
739 1276 883 1340 dicimus.
938 1276 1011 1340 iam
1041 1274 1274 1352 Quintilianus,
1303 1297 1377 1345 cum

377 1358 573 1439 declaraii'et,
594 1371 725 1446 quantae
746 1363 829 1426 vires
850 1360 1022 1426 sententiae
1044 1361 1245 1426 adderentur·
1258 1382 1298 1426 ex
1324 1360 1378 1429 vso

377 1445 583 1530 apostrophen
605 1451 639 1513 in
671 1448 805 1512 exordio
827 1447 985 1515 'adhibitae
992 1491 1004 1522 ,
1031 1447 1174 1526 exempli
1198 1447 1284 1510 causa
1304 1469 1380 1532 pro-

376 1533 518 1596 oemium
545 1535 701 1599 orationis
726 1554 791 1616 pro
818 1533 949 1616 Ligario
971 1531 1091 1603 iaudat,
1117 1532 1153 1595 in
1179 1551 1243 1615 quo
1263 1530 1378 1602 Cicero

377 1620 556 1682 orationem
577 1621 615 1682 ad
637 1619 844 1684 Tuberonem
874 1618 1055 1691 conuertit,
1078 1617 1208 1701 eiusque
1226 1612 1398 1704 dxoorpo·

377 1702 440 1784 Φῆσ
459 1705 522 1767 hoc
543 1704 629 1768 suum
650 1706 801 1779 iudicium
821 1704 923 1766 addit:
943 1703 1048 1778 „Erat
1066 1703 1167 1768 multo
1187 1703 1292 1768 sutura
1313 1706 1378 1771 lan·
1431 1754 1437 1769 ,

376 1790 506 1871 guidior
526 1791 648 1864 oratIo,
676 1787 793 1854 fiess'et
818 1788 909 1852 aliter
925 1787 1081 1872 figuratas
1134 1791 1230 1868 Quod
1251 1790 1378 1875 ‘facilius'
1415 1794 1418 1799 ’
1502 1791 1504 1795 ’

376 1875 544 1957 Ἆὲὓῡῖθθῒ,
563 1875 585 1939 fi
606 1876 676 1959 quis
698 1875 785 1939 illam
808 1883 908 1938 totam
930 1883 1051 1957 partem
1070 1872 1379 1956 vehementissimam,
1412 1893 1417 1903 ·
1441 1926 1447 1941 ,
1487 1876 1507 1951 j

377 1962 468 2023 cuius
498 1962 575 2025 haec
595 1960 698 2026 forma
719 1961 782 2031 est:
823 1958 928 2026 Habes
954 1964 1055 2044 igitur
1086 1959 1217 2044 Mero,
1244 1964 1324 2045 qaod
1338 1957 1382 2053 est
1432 2037 1434 2043 A

376 2044 543 2128 accujatort
562 2051 698 2112 maxime
718 2045 885 2129 optandum
904 2055 963 2109 etc.
985 2053 1153 2111 concertat
1167 2049 1205 2110 ad
1222 2049 1378 2115 iudicem:

378 2143 446 2195 tum
473 2135 567 2198 enim
593 2152 669 2197 vere
696 2131 801 2196 auersa
829 2132 973 2194 videatur
993 2132 1116 2206 oratio,
1143 2143 1175 2197 et
1198 2133 1379 2216 languescat
1472 2149 1480 2160 ‘

377 2219 424 2281 vis
445 2221 571 2299 omnis,
587 2219 767 2303 ‚dicentibus
788 2217 902 2280 nobis:
933 2216 1034 2282 Habet
1053 2218 1154 2299 igitur
1181 2219 1294 2284 tubero
1316 2232 1380 2288 etc.
1430 2248 1435 2253 ·

378 2303 438 2369 llio
458 2306 543 2369 enirn
565 2307 663 2369 modo
682 2304 783 2391 prrfflt
801 2311 893 2385 atque
922 2301 1049 2376 institit,
1077 2303 1140 2366 hoc
1161 2312 1282 2368 tantum
1302 2307 1380 2374 aaa

372 2386 482 2474 taffo:
523 2391 652 2478 Mittam
673 2392 738 2454 derv
750 2385 940 2476 Apostrophe
952 2384 1058 2471 spirite
1077 2384 1180 2454 Cicero
1198 2391 1255 2454 den
1269 2389 1381 2476 ubios·

376 2486 425 2540 ten
449 2470 632 2560 affiiioolleo
652 2474 791 2558 Gegnarr
818 2473 893 2539 ohne
904 2475 950 2558 fia
969 2472 1056 2537 hatte
1074 2493 1109 2537 ar
1128 2473 1193 2539 hlos
1213 2478 1295 2541 mnan
1314 2476 1379 2545 kai-

376 2572 425 2626 tm
459 2562 635 2643 Refermten
658 2559 811 2647 gemacht.
877 2559 998 2626 Similia
1024 2559 1149 2642 prorsus
1177 2559 1268 2640 sunt,
1300 2560 1382 2647 quaa

358 2723 360 2727 ¹
377 2649 591 2727 Quintilianus
612 2663 645 2729 4,
667 2664 697 2711 a.
729 2648 798 2713 rct‘r.
815 2645 855 2732 sq.
872 2647 912 2711 de
933 2646 1120 2729 apostrophe
1143 2647 1177 2710 in
1197 2650 1379 2716 narratione

378 2735 551 2798 adhibenda
570 2733 634 2798 sme
655 2736 837 2819 metaphora
859 2733 967 2814 notat:
987 2733 1133 2810 „Sermo
1153 2731 1277 2800 auersus
1297 2757 1314 2799 a
1333 2734 1380 2813 iu'-

379 2823 449 2884 dice
472 2831 504 2883 et
525 2819 653 2884 breuius
674 2821 792 2909 indicat
808 2822 946 2891 interim,
970 2829 1003 2881 et
1021 2821 1164 2901 coarguit
1178 2825 1290 2904 magis.
1301 2825 1321 2854 ‘⁴
1336 2851 1381 2871 -·-

379 2906 458 2971 ΑΙίο
480 2901 584 2978 sensu,
625 2907 749 2986 dequo
768 2923 855 2966 nunc
882 2924 981 2986 pauca
1002 2904 1199 2978 notabimur,
1243 2926 1380 2988 premere

378 2987 1099 3139 tzithttt’tiliztritiffititiht
1119 2994 1380 3143 {tratti}
1452 3094 1456 3100 -

537 3112 546 3137 ¹
595 3116 630 3148 Ἀ
877 3147 881 3152 ,
1171 3120 1181 3147 9
1343 3147 1348 3153 .
1460 3148 1464 3152 .

379 3162 622 3226 commemorari
642 3160 763 3243 potest,
784 3176 886 3241 neque
914 3178 991 3222 vero
1017 3160 1115 3221 ‘etiarn
1143 3160 1224 3223 bene
1254 3161 1377 3229 fitentio

375 3248 601 3332 praetermitti,
632 3246 704 3329 quia
724 3246 786 3309 tale
809 3244 966 3309 silentium
988 3244 1086 3307 malae
1108 3244 1213 3308 causae
1232 3244 1400 3331 suspicio·¹

379 3331 596 3402 nemadserre
613 3331 704 3397 solet.
746 3333 815 3397 Hac
837 3332 1020 3414 metaphora
1034 3331 1148 3396 Cicero
1169 3331 1203 3396 in
1224 3330 1300 3401 loco
1319 3357 1377 3423 per
1455 3375 1465 3390 =

290 3439 293 3444 ·
379 3418 410 3482 se
435 3416 662 3503 elegantiffimo
696 3426 730 3482 et
761 3419 946 3502 prudentiae
973 3415 1147 3503 plenissimo
1177 3418 1244 3512 vsue
1269 3423 1397 3493 estde'
1434 3472 1438 3481 -

360 3509 468 3574 Orat.
488 3507 556 3573 Lib.
581 3524 611 3584 a,
632 3521 685 3587 72.
705 3505 756 3572 vbi
777 3503 861 3571 suam
883 3508 1008 3571 dicendi
1027 3505 1288 3574 ¹consuetudinem
1310 3516 1376 3584 An·

374 3594 488 3656 tonius
514 3594 557 3658 ita
580 3592 740 3658 describit:
771 3591 986 3672 ‚,'Confiteor,
1014 3594 1131 3679 inquit,
1157 3609 1227 3671 me,
1248 3598 1278 3683 st
1300 3619 1379 3687 quoe
1415 3655 1418 3660 Α
1517 3623 1520 3630 ·

376 3688 500 3760 premat
520 3700 572 3744 res
591 3678 806 3755 uehementior,
830 3684 872 3744 ita
895 3682 1009 3744 cedere
1028 3680 1146 3756 solere,
1173 3690 1206 3745 vt
1224 3703 1290 3750 non
1309 3706 1378 3749 mo·

380 3764 424 3825 do
444 3783 510 3827 non
530 3763 668 3836 abiecto,
697 3764 748 3826 sed
779 3786 820 3827 ne
850 3764 971 3833 reietio
996 3768 1126 3847 quidem
1151 3767 1238 3833 scuto
1263 3769 1377 3853 fugere
1473 3792 1476 3800 “

281 3910 284 3916 ,
379 3850 502 3912 videar:
524 3848 576 3913 sed
596 3849 744 3913 adhibere
767 3854 920 3934 quandam
949 3854 983 3916 in
1010 3852 1147 3918 dicendo
1172 3852 1307 3936 speciem
1333 3873 1377 3926 ar·
1421 3904 1430 3914 s
1499 3856 1523 3870 ’“

379 3954 441 4017 qne
460 3954 624 4018 pompam,
644 3945 678 3999 et
700 3956 824 4019 pugnae
841 3936 970 4002 similem
993 3937 1118 4020 sugam:
1138 3938 1302 4003 consistere
1325 3963 1378 4006 ve-

380 4041 418 4085 ro
435 4024 470 4085 in
492 4041 567 4085 meo
588 4020 738 4104 praesidio
758 4021 816 4096 fic,
853 4037 887 4088 vt
915 4043 981 4088 non
1002 4023 1147 4108 fugiendi
1171 4024 1286 4105 hostis,
1324 4026 1376 4097 sed

294 4175 299 4186 ,
338 4104 348 4125 “
380 4109 524 4192 capiendi
545 4108 611 4176 loci
636 4106 870 4176 cauuceffiffe.
884 4111 1031 4175 videar.“

675 4291 677 4296 .
727 4227 1028 4294 primordia.
1086 4243 1089 4248 '

339 4378 342 4387 ,
424 4393 426 4396 v
463 4305 642 4377 primordio
672 4311 806 4395 dicendi,
856 4313 935 4379 sunt·
952 4314 1127 4400 rudimenta
1156 4313 1308 4397 quaedam
1344 4325 1379 4383 et

378 4396 711 4483 praeexercitatiooea,
746 4396 858 4479 quibua
888 4404 1004 4467 aetates
1031 4402 1173 4465 nondum
1191 4395 1379 4503 -Rhetoreo'r

814 4499 817 4504 ·
1092 4522 1097 4527 -
1245 4508 1376 4573 coprem
