3534 5375
357 2765 365 2790 s
433 2734 444 2777 l

767 505 1193 649 'rsn
1322 510 1474 669 im

360 747 362 757 '
420 742 594 829 repetimus
612 740 737 820 animo,
757 759 839 826 quae
853 740 1007 825 legimus,
1029 743 1201 825 conumque
1219 741 1284 809 vim
1303 747 1337 808 et
1348 741 1416 811 fen·

419 829 488 919 sum
507 849 637 893 omnem
658 830 700 892 ita
728 830 939 911 percipimus,
974 834 1025 907 vt,
1050 827 1135 911 quod
1163 827 1267 904 aiunt,
1291 830 1325 893 in
1351 829 1417 897 ioc-

386 934 391 957 ¹
418 910 493 989 eum
509 918 546 977 'et
564 913 744 997 sanguinem
772 925 938 978 vertamus.
1329 989 1332 995 ι
1387 926 1419 987 J,-

506 999 609 1067 Simili
636 1002 770 1081 quodam
790 998 894 1074 sensu,
918 1008 951 1062 at
975 995 1126 1081 peculiari
1148 1005 1272 1071 tamen,
1301 999 1418 1065 eodem

357 1050 359 1056 Ι
419 1083 577 1151 tradendi
602 1086 699 1149 verbo
727 1087 822 1148 vtitur
839 1074 975 1151 *nostor
1005 1085 1145 1148 Herenn.
1173 1101 1206 1159 4,
1225 1095 1275 1161 42.
1294 1072 1356 1148 *lbi
1375 1078 1435 1149 ad'
1536 1154 1540 1163 ,

419 1168 650 1254 expolitionem
670 1170 733 1234 boc
753 1170 905 1242 refertur,
940 1178 974 1232 vt
990 1171 1121 1232 eandem
1134 1177 1417 1239 remcommutate
1438 1220 1443 1233 t

419 1257 526 1321 dicere
546 1253 704 1338 posfimus.
768 1258 815 1322 Ea
833 1256 1040 1320 commutatio
1064 1253 1267 1318 lieridicitur
1286 1255 1419 1337 triplici·

361 1380 369 1396 s
419 1345 487 1419 ter,
515 1342 635 1416 verbis,
658 1345 914 1424 pronuntiando,
948 1349 981 1405 et
998 1339 1177 1413 tranando,
1205 1339 1268 1421 hoc
1287 1339 1346 1418 eli,
1381 1346 1416 1404 vt
1477 1368 1479 1376 ,

420 1427 484 1510 ipse
506 1427 744 1509 interpretatur,
777 1425 800 1490 fi
819 1425 1003 1490 sententiam
1030 1427 1221 1501 traiiciernus
1241 1425 1279 1489 ad
1298 1421 1415 1491 serino·
1481 1469 1483 1475 ·

357 1534 373 1567 κ
419 1515 634 1587 cinationem,
660 1523 712 1576 aut
742 1514 779 1575 ad
800 1512 1080 1597 exsuscitatiopem.
1142 1511 1269 1593 Exque
1289 1512 1416 1594 quidem

418 1600 680 1680 interpretatione
709 1606 811 1679 patet,
857 1597 993 1663 traiicere
1018 1615 1102 1659 nunc
1128 1594 1206 1658 nibil
1233 1592 1293 1658 elie
1319 1597 1417 1679 aliud,

418 1684 475 1748 nifi
494 1683 677 1747 sententiam
696 1684 829 1764 aliquam
849 1684 943 1746 variis
963 1681 1094 1755 formis,
1116 1672 1272 1759 σχήμασι,
1291 1682 1437 1762 efferre,

419 1771 503 1853 quod
527 1768 624 1852 ipsum
644 1769 757 1833 Graeci
777 1761 815 1830 ed
828 1759 1035 1851 σχηματίζειν
1057 1769 1213 1833 dixerunt.
1262 1767 1343 1832 Nam
1362 1788 1416 1835 ree
1496 1799 1512 1834 .·

419 1865 452 1918 et
470 1851 573 1936 sensus
594 1863 716 1929 manet,
739 1854 842 1918 forma
862 1865 1014 1929 mutatur,
1038 1855 1071 1916 id
1092 1856 1176 1937 quod
1195 1855 1361 1918 mutatione
1371 1855 1417 1942 fi·

365 1976 367 1981 ·
415 1958 535 2024 gerare
561 1941 739 2002 orationem
765 1941 842 2003 dicit
869 1940 1082 2017 Quintilianus
1111 1955 1161 2014 10,
1193 1956 1219 2002 r.
1240 1953 1290 2006 ιο.
1325 1939 1416 2005 Cete-

417 2045 488 2089 rum
510 2024 648 2088 alienum
674 2025 734 2099 est,
761 2027 846 2108 quod
873 2024 1015 2090 Gesnero
1041 2025 1080 2089 ad
1101 2024 1235 2102 Quintil.
1254 2036 1339 2107 9,-a.
1353 2042 1415 2109 137.
1447 2090 1450 2095 ,

417 2111 451 2174 in
473 2117 612 2173 mentem
631 2120 776 2183 venerat,
809 2111 881 2174 huic
901 2111 977 2175 loco
1003 2110 1191 2187 Quintiliani
1217 2110 1350 2176 obscuro
1370 2112 1415 2177 lu·
1493 2121 1495 2125 ’
1522 2172 1532 2186 ,,

418 2216 487 2259 cem
511 2188 550 2257 en
570 2194 622 2257 illa
641 2195 796 2261 recitandi
814 2198 948 2260 notione
974 2194 1150 2261 illustranda
1170 2197 1302 2259 accendi
1319 2195 1416 2279 polle.

417 2283 528 2366 Neque
547 2279 632 2345 reste
653 2281 731 2344 mibi
750 2281 797 2344 vir
819 2280 1060 2357 idemiummus
1085 2280 1218 2352 statuere
1242 2283 1416 2360 videbatur,
1470 2319 1474 2327 ·

417 2364 490 2433 dnn
509 2365 695 2430 existimaret
715 2366 925 2431 troiiationem
953 2388 972 2430 a
991 2365 1146 2432 Cicerone
1169 2369 1203 2431 in
1229 2367 1335 2434 Partit,
1356 2369 1415 2465 qr.

417 2453 491 2536 Cap.
515 2465 543 2532 5.
566 2453 629 2516 dici
648 2455 788 2527 eandem,
804 2472 895 2533 quarn
915 2452 1137 2518 declinationem
1160 2465 1192 2516 et
1205 2449 1335 2518 troilum
1350 2473 1417 2518 ver·

377 2605 380 2614 ,
417 2538 523 2605 borum
542 2537 680 2621 appellet
705 2539 838 2616 Quintil.
858 2547 890 2616 8,
913 2553 942 2617 3.
965 2553 1015 2614 3¹.
1035 2539 1117 2604 Nam
1137 2554 1209 2601 curn
1231 2537 1345 2604 Cicero
1359 2541 1415 2604 du·

418 2626 494 2777 fler
514 2625 680 2691 verborum
700 2625 869 2689 discrimen
893 2622 962 2692 fieri
979 2625 1090 2702 docet,
1111 2634 1227 2690 natura
1248 2634 1281 2706 et
1301 2623 1418 2692 traua

445 2732 515 2783 one,
538 2710 615 2774 haec
634 2709 788 2787 uastatio,
810 2712 957 2794 quoniam
979 2721 1105 2776 naturae
1123 2712 1314 2794 opponitur,
1329 2731 1415 2776 nunc
1456 2704 1462 2756 j
1534 2708 1537 2715 ’

367 2807 373 2882 J
417 2794 591 2859 uniuersam
612 2796 779 2858 verborum
801 2797 1052 2861 immutationem
1074 2794 1242 2879 fignificat,
1266 2815 1344 2880 quae
1365 2817 1414 2861 ar·
1529 2799 1531 2813 '

417 2882 461 2946 tis
483 2901 548 2961 ope
567 2888 600 2942 et
619 2880 752 2959 ingenio
773 2882 910 2962 quodam
930 2883 1084 2959 oratoris,
1104 2888 1138 2943 vt
1151 2883 1269 2962 tropis,
1288 2880 1424 2964 figuris,

418 2967 550 3048 aliisque
569 2964 682 3028 formis
699 2964 903 3038 ornantibus,
924 2963 1068 3028 efficitur.
1109 2966 1204 3029 Hunc
1223 2964 1341 3030 senium
1364 2967 1414 3031 Ci-

419 3070 495 3116 cero
514 3047 756 3131 insequentibus
777 3046 841 3130 ipse
862 3048 1007 3118 declarat.
1051 3048 1130 3115 Nam
1147 3059 1277 3114 naturae
1294 3051 1415 3128 tribuit,

419 3146 454 3199 vt
474 3136 533 3198 alia
552 3135 645 3197 verba
675 3132 733 3197 lint
760 3132 954 3208 sonantiora,
980 3136 1148 3217 grauiora,
1176 3135 1315 3210 leuiora,
1343 3138 1414 3200 niti·

418 3218 527 3303 dlora:
549 3219 727 3284 traiiationi
746 3228 867 3291 autem,
889 3229 922 3282 vt
942 3223 1025 3283 varie
1045 3220 1283 3295 transferantur,
1303 3221 1415 3286 immu-

418 3315 542 3378 tentur,
563 3303 760 3371 inflectantur
779 3319 839 3368 etc.
861 3308 923 3370 vid.
948 3305 1084 3370 Troilus.

503 3393 553 3456 De
578 3388 821 3463 traiioioribns,
843 3388 907 3473 q'uo
924 3393 1053 3462 nomine
1072 3391 1178 3475 aliquo
1195 3401 1340 3476 tempore
1353 3391 1415 3458 So·

408 3477 536 3561 'pbistae
560 3485 592 3539 et
611 3487 755 3627 orator‘eg
771 3478 920 3561 appellati
938 3475 1023 3553 sunt,
1050 3479 1113 3542 vid.
1133 3475 1261 3543 Creloll.
1284 3478 1415 3552 Theatr.
1440 3493 1444 3502 ’

419 3564 511 3648 Rbet.
531 3579 562 3645 3,
583 3576 614 3628 a.
633 3582 701 3645 pr
750 3607 759 3626 .
1210 3576 1212 3580 ’

821 3699 1024 3767 Troffnn

464 3799 466 3806 ¹
502 3817 541 3883 In
566 3815 653 3880 tarda
682 3816 956 3899 pronuntiatione,
987 3814 1119 3883 notiam
1139 3816 1305 3883 verborum
1326 3836 1411 3882 com·

381 3976 383 3980 ,
421 3911 575 3970 memorat
594 3902 659 3967 cic.
680 3904 719 3964 de
740 3902 797 3966 Or.
819 3917 849 3977 e,
871 3920 922 3982 50·
945 3923 1036 3987 quarn
1062 3914 1095 3966 et
1122 3898 1341 3987 instuctionem
1366 3902 1444 3965 ‹lt-5
1523 3977 1526 3982 Q

420 3992 474 4055 cit.
518 3988 632 4054 Sermo
652 3986 695 4050 est
714 3997 818 4051 autem
846 3988 887 4053 de
909 4008 945 4051 ea
973 3990 1117 4052 tarditate
1145 3998 1178 4050 et
1200 3986 1412 4067 lraesrtatione,

407 4080 511 4163 squam
526 4075 623 4138 timor
641 4073 765 4155 quidam
785 4075 938 4145 oratoris,
969 4075 1084 4138 intimo
1105 4071 1209 4138 mulae
1228 4071 1298 4136 suae
1315 4071 1412 4148 sensu,
1493 4074 1496 4078 ’

420 4169 453 4223 et
474 4161 604 4241 periculi
628 4159 825 4241 cogitatione
845 4156 967 4235 efferii,
988 4158 1144 4235 efficeret,
1167 4160 1211 4221 ita
1224 4168 1353 4230 tamen,
1379 4166 1414 4238 vt

419 4245 471 4310 hic
499 4244 562 4327 ipse
589 4242 719 4312 affertur
743 4246 868 4308 animos
898 4245 1091 4310 audientium
1122 4240 1208 4309 reste
1238 4252 1272 4306 et
1296 4242 1434 4307 vtiliter'
1476 4315 1483 4324 5

419 4334 631 4417 permoneret.
654 4361 698 4379 -
719 4321 918 4418 Qirintiliano
937 4338 1055 4414 autem..
1070 4330 1139 4396 Lib.
1160 4335 1199 4408 8,-
1214 4344 1248 4419 3.Ι
1268 4342 1328 4425 ςῇς,
1343 4337 1413 4395 tra·

1349 4412 1535 4517 line¹
