<?xml version="1.0" encoding="UTF-8"?>
<!DOCTYPE html PUBLIC "-//W3C//DTD XHTML 1.0 Transitional//EN"
    "http://www.w3.org/TR/xhtml1/DTD/xhtml1-transitional.dtd">
<html xmlns="http://www.w3.org/1999/xhtml" xml:lang="en" lang="en">
 <head>
  <title>
</title>
<meta http-equiv="Content-Type" content="text/html;charset=utf-8" />
  <meta name='ocr-system' content='tesseract 3.04.00' />
  <meta name='ocr-capabilities' content='ocr_page ocr_carea ocr_par ocr_line ocrx_word'/>
</head>
<body>
  <div class='ocr_page' id='page_1' title='image "./lexicontechnolo01ernegoog_0184.png"; bbox 0 0 3534 5375; ppageno 0'>
   <div class='ocr_carea' id='block_1_1' title="bbox 407 596 1036 696">
    <p class='ocr_par' dir='ltr' id='par_1_1' title="bbox 407 596 1036 696">
     <span class='ocr_line' id='line_1_1' title="bbox 407 596 1036 696; baseline -0.019 -15"><span class='ocrx_word' id='word_1_1' title='bbox 407 597 524 696; x_wconf 60' lang='lat'>[146</span> <span class='ocrx_word' id='word_1_2' title='bbox 712 658 714 665; x_wconf 81' lang='grc'><em>.</em></span> <span class='ocrx_word' id='word_1_3' title='bbox 855 603 888 673; x_wconf 75' lang='lat' dir='ltr'>E</span> <span class='ocrx_word' id='word_1_4' title='bbox 927 602 956 670; x_wconf 79' lang='lat'>1.</span> <span class='ocrx_word' id='word_1_5' title='bbox 997 596 1036 670; x_wconf 75' lang='grc' dir='ltr'>θ’</span> 
     </span>
    </p>
   </div>
   <div class='ocr_carea' id='block_1_2' title="bbox 386 768 1515 1288">
    <p class='ocr_par' dir='ltr' id='par_1_2' title="bbox 386 768 1448 1034">
     <span class='ocr_line' id='line_1_2' title="bbox 386 768 1448 856; baseline -0.011 -8"><span class='ocrx_word' id='word_1_6' title='bbox 386 768 396 788; x_wconf 82' lang='lat'><strong><em>‘</em></strong></span> <span class='ocrx_word' id='word_1_7' title='bbox 430 780 617 847; x_wconf 73' lang='lat' dir='ltr'>‘verborum</span> <span class='ocrx_word' id='word_1_8' title='bbox 634 776 764 843; x_wconf 81' lang='lat' dir='ltr'>lenitate</span> <span class='ocrx_word' id='word_1_9' title='bbox 781 773 938 856; x_wconf 76' lang='lat' dir='ltr'>mitigant.</span> <span class='ocrx_word' id='word_1_10' title='bbox 964 768 1099 850; x_wconf 85' lang='lat' dir='ltr'>Quintil.</span> <span class='ocrx_word' id='word_1_11' title='bbox 1119 784 1152 848; x_wconf 75' lang='lat' dir='ltr'>a,</span> <span class='ocrx_word' id='word_1_12' title='bbox 1172 785 1203 835; x_wconf 81' lang='lat' dir='ltr'>a.</span> <span class='ocrx_word' id='word_1_13' title='bbox 1224 783 1280 855; x_wconf 53' lang='grc' dir='ltr'>ἠρ</span> <span class='ocrx_word' id='word_1_14' title='bbox 1293 769 1448 849; x_wconf 61' lang='lat' dir='ltr'>averita,</span> 
     </span>
     <span class='ocr_line' id='line_1_3' title="bbox 449 856 1448 950; baseline -0.013 -19"><span class='ocrx_word' id='word_1_15' title='bbox 449 859 570 950; x_wconf 80' lang='lat' dir='ltr'>iuquit,</span> <span class='ocrx_word' id='word_1_16' title='bbox 586 865 704 930; x_wconf 77' lang='lat' dir='ltr'>eleuare</span> <span class='ocrx_word' id='word_1_17' title='bbox 722 858 869 945; x_wconf 84' lang='lat' dir='ltr'>quaedam</span> <span class='ocrx_word' id='word_1_18' title='bbox 890 859 1016 924; x_wconf 78' lang='lat' dir='ltr'>licebit:</span> <span class='ocrx_word' id='word_1_19' title='bbox 1036 858 1155 919; x_wconf 78' lang='lat' dir='ltr'>luxuria</span> <span class='ocrx_word' id='word_1_20' title='bbox 1175 856 1355 928; x_wconf 79' lang='lat' dir='ltr'>hilaritatis,</span> <span class='ocrx_word' id='word_1_21' title='bbox 1376 862 1448 921; x_wconf 69' lang='lat' dir='ltr'>aua·-</span> 
     </span>
     <span class='ocr_line' id='line_1_4' title="bbox 449 941 1448 1034; baseline -0.012 -17"><span class='ocrx_word' id='word_1_22' title='bbox 449 954 523 1017; x_wconf 84' lang='lat' dir='ltr'>titia</span> <span class='ocrx_word' id='word_1_23' title='bbox 547 949 766 1034; x_wconf 83' lang='lat' dir='ltr'>parfimoniae,</span> <span class='ocrx_word' id='word_1_24' title='bbox 790 946 988 1028; x_wconf 72' lang='lat' dir='ltr'>negligentia</span> <span class='ocrx_word' id='word_1_25' title='bbox 1014 942 1216 1021; x_wconf 81' lang='lat' dir='ltr'>srmplicitatia</span> <span class='ocrx_word' id='word_1_26' title='bbox 1243 943 1374 1005; x_wconf 86' lang='lat' dir='ltr'>nomine</span> <span class='ocrx_word' id='word_1_27' title='bbox 1401 941 1448 1005; x_wconf 86' lang='lat' dir='ltr'>le·</span> 
     </span>
    </p>

    <p class='ocr_par' dir='ltr' id='par_1_3' title="bbox 422 1012 1515 1288">
     <span class='ocr_line' id='line_1_5' title="bbox 422 1012 1449 1102; baseline -0.01 -1"><span class='ocrx_word' id='word_1_28' title='bbox 422 1032 424 1037; x_wconf 72' lang='grc'><strong>’</strong></span> <span class='ocrx_word' id='word_1_29' title='bbox 451 1039 595 1102; x_wconf 82' lang='lat' dir='ltr'>nietur.“</span> <span class='ocrx_word' id='word_1_30' title='bbox 657 1035 737 1099; x_wconf 80' lang='lat' dir='ltr'>Eam</span> <span class='ocrx_word' id='word_1_31' title='bbox 767 1032 901 1096; x_wconf 85' lang='lat' dir='ltr'>formam</span> <span class='ocrx_word' id='word_1_32' title='bbox 927 1030 1001 1093; x_wconf 90' lang='lat' dir='ltr'>alibi</span> <span class='ocrx_word' id='word_1_33' title='bbox 1027 1027 1141 1091; x_wconf 75' lang='lat' dir='ltr'>Fabius</span> <span class='ocrx_word' id='word_1_34' title='bbox 1168 1028 1385 1092; x_wconf 78' lang='lat' dir='ltr'>deriuatioaaaa</span> <span class='ocrx_word' id='word_1_35' title='bbox 1404 1012 1449 1091; x_wconf 56' lang='lat' dir='ltr'>ol</span> 
     </span>
     <span class='ocr_line' id='line_1_6' title="bbox 450 1105 1448 1206; baseline -0.013 -18"><span class='ocrx_word' id='word_1_36' title='bbox 450 1121 660 1206; x_wconf 61' lang='lat' dir='ltr'>deflexionem,</span> <span class='ocrx_word' id='word_1_37' title='bbox 685 1119 798 1183; x_wconf 83' lang='lat' dir='ltr'>Graeci</span> <span class='ocrx_word' id='word_1_38' title='bbox 825 1115 981 1181; x_wconf 83' lang='lat' dir='ltr'>Rhetores</span> <span class='ocrx_word' id='word_1_39' title='bbox 1004 1107 1096 1178; x_wconf 77' lang='grc' dir='ltr'><strong><em>ὁποκο</em></strong></span> <span class='ocrx_word' id='word_1_40' title='bbox 1125 1107 1214 1201; x_wconf 69' lang='lat' dir='ltr'>uude,</span> <span class='ocrx_word' id='word_1_41' title='bbox 1244 1105 1448 1194; x_wconf 62' lang='lat' dir='ltr'>aioenraain</span> 
     </span>
     <span class='ocr_line' id='line_1_7' title="bbox 445 1136 1515 1288; baseline -0.007 -18"><span class='ocrx_word' id='word_1_42' title='bbox 445 1202 570 1286; x_wconf 59' lang='grc' dir='ltr'>μείωσιν</span> <span class='ocrx_word' id='word_1_43' title='bbox 603 1203 759 1288; x_wconf 85' lang='lat' dir='ltr'>appellare</span> <span class='ocrx_word' id='word_1_44' title='bbox 786 1199 1026 1270; x_wconf 80' lang='lat' dir='ltr'>consueuerant.</span> <span class='ocrx_word' id='word_1_45' title='bbox 1090 1136 1233 1279; x_wconf 61' lang='lat' dir='ltr'>geniique</span> <span class='ocrx_word' id='word_1_46' title='bbox 1260 1199 1385 1263; x_wconf 72' lang='lat' dir='ltr'>curiatio</span> <span class='ocrx_word' id='word_1_47' title='bbox 1404 1197 1449 1263; x_wconf 70' lang='lat' dir='ltr'>est</span> <span class='ocrx_word' id='word_1_48' title='bbox 1479 1225 1482 1229; x_wconf 93' lang='lat'>·</span> <span class='ocrx_word' id='word_1_49' title='bbox 1513 1236 1515 1243; x_wconf 94' lang='lat'>·</span> 
     </span>
    </p>
   </div>
   <div class='ocr_carea' id='block_1_3' title="bbox 450 1280 1447 1549">
    <p class='ocr_par' dir='ltr' id='par_1_4' title="bbox 450 1280 1447 1549">
     <span class='ocr_line' id='line_1_8' title="bbox 450 1280 1447 1371; baseline -0.012 -12"><span class='ocrx_word' id='word_1_50' title='bbox 450 1291 603 1359; x_wconf 85' lang='lat' dir='ltr'>irrifionis</span> <span class='ocrx_word' id='word_1_51' title='bbox 630 1309 755 1371; x_wconf 81' lang='lat' dir='ltr'>genua,</span> <span class='ocrx_word' id='word_1_52' title='bbox 789 1307 849 1370; x_wconf 86' lang='lat' dir='ltr'>qua</span> <span class='ocrx_word' id='word_1_53' title='bbox 878 1306 958 1349; x_wconf 84' lang='lat' dir='ltr'>voce</span> <span class='ocrx_word' id='word_1_54' title='bbox 980 1283 1093 1368; x_wconf 81' lang='lat' dir='ltr'>Aquila</span> <span class='ocrx_word' id='word_1_55' title='bbox 1114 1284 1206 1348; x_wconf 87' lang='lat' dir='ltr'>Rom.</span> <span class='ocrx_word' id='word_1_56' title='bbox 1226 1304 1255 1364; x_wconf 87' lang='lat' dir='ltr'>p.</span> <span class='ocrx_word' id='word_1_57' title='bbox 1282 1280 1330 1346; x_wconf 84' lang='lat'>16.</span> <span class='ocrx_word' id='word_1_58' title='bbox 1350 1285 1447 1366; x_wconf 79' lang='lat' dir='ltr'>inter·</span> 
     </span>
     <span class='ocr_line' id='line_1_9' title="bbox 450 1364 1380 1461; baseline -0.005 -21"><span class='ocrx_word' id='word_1_59' title='bbox 450 1385 591 1461; x_wconf 86' lang='lat' dir='ltr'>pretatur</span> <span class='ocrx_word' id='word_1_60' title='bbox 610 1375 720 1440; x_wconf 86' lang='lat' dir='ltr'>Graec.</span> <span class='ocrx_word' id='word_1_61' title='bbox 742 1364 916 1454; x_wconf 67' lang='lat' dir='ltr'>linquenda,</span> <span class='ocrx_word' id='word_1_62' title='bbox 944 1391 1010 1436; x_wconf 85' lang='lat' dir='ltr'>aum</span> <span class='ocrx_word' id='word_1_63' title='bbox 1033 1369 1165 1435; x_wconf 77' lang='lat' dir='ltr'>ludentes</span> <span class='ocrx_word' id='word_1_64' title='bbox 1190 1366 1380 1454; x_wconf 70' lang='lat' dir='ltr'>aisstrtatmas</span> 
     </span>
     <span class='ocr_line' id='line_1_10' title="bbox 450 1458 1439 1549; baseline -0.013 -21"><span class='ocrx_word' id='word_1_65' title='bbox 450 1484 533 1549; x_wconf 76' lang='lat' dir='ltr'>qaae.</span> <span class='ocrx_word' id='word_1_66' title='bbox 552 1460 594 1526; x_wconf 83' lang='lat' dir='ltr'>ab</span> <span class='ocrx_word' id='word_1_67' title='bbox 612 1458 799 1544; x_wconf 67' lang='lat' dir='ltr'>aduerspriis</span> <span class='ocrx_word' id='word_1_68' title='bbox 818 1461 992 1525; x_wconf 67' lang='lat' dir='ltr'>dictatur..</span> <span class='ocrx_word' id='word_1_69' title='bbox 1098 1483 1102 1492; x_wconf 93' lang='lat'>·</span> <span class='ocrx_word' id='word_1_70' title='bbox 1294 1506 1297 1519; x_wconf 91' lang='lat'>.</span> <span class='ocrx_word' id='word_1_71' title='bbox 1349 1484 1358 1493; x_wconf 80' lang='lat'><em>-</em></span> <span class='ocrx_word' id='word_1_72' title='bbox 1397 1488 1401 1494; x_wconf 90' lang='lat'>-</span> <span class='ocrx_word' id='word_1_73' title='bbox 1436 1478 1439 1483; x_wconf 51' lang='lat'><em>&gt;</em></span> 
     </span>
    </p>
   </div>
   <div class='ocr_carea' id='block_1_4' title="bbox 698 1580 1070 1677">
    <p class='ocr_par' dir='ltr' id='par_1_5' title="bbox 698 1570 1086 1677">
     <span class='ocr_line' id='line_1_11' title="bbox 698 1580 1070 1677; baseline -0.008 -15"><span class='ocrx_word' id='word_1_74' title='bbox 698 1656 701 1662; x_wconf 91' lang='lat'>.</span> <span class='ocrx_word' id='word_1_75' title='bbox 792 1580 1070 1677; x_wconf 58' lang='lat' dir='ltr'>&#39;Educatio</span> 
     </span>
    </p>
   </div>
   <div class='ocr_carea' id='block_1_5' title="bbox 300 1691 1529 2915">
    <p class='ocr_par' dir='ltr' id='par_1_6' title="bbox 448 1691 1508 2200">
     <span class='ocr_line' id='line_1_12' title="bbox 536 1691 1483 1808; baseline -0.002 -30"><span class='ocrx_word' id='word_1_76' title='bbox 536 1691 701 1808; x_wconf 76' lang='lat' dir='ltr'>Eloqatio,</span> <span class='ocrx_word' id='word_1_77' title='bbox 718 1716 797 1796; x_wconf 84' lang='lat' dir='ltr'>quae</span> <span class='ocrx_word' id='word_1_78' title='bbox 819 1712 946 1796; x_wconf 88' lang='lat' dir='ltr'>quidem</span> <span class='ocrx_word' id='word_1_79' title='bbox 975 1711 1013 1775; x_wconf 85' lang='lat' dir='ltr'>ab</span> <span class='ocrx_word' id='word_1_80' title='bbox 1025 1718 1162 1790; x_wconf 82' lang='lat' dir='ltr'>oratore</span> <span class='ocrx_word' id='word_1_81' title='bbox 1184 1711 1369 1794; x_wconf 70' lang='lat' dir='ltr'>requiritur,</span> <span class='ocrx_word' id='word_1_82' title='bbox 1393 1708 1449 1786; x_wconf 80' lang='lat' dir='ltr'>eu,</span> <span class='ocrx_word' id='word_1_83' title='bbox 1480 1748 1483 1753; x_wconf 76' lang='lat'><em>,</em></span> 
     </span>
     <span class='ocr_line' id='line_1_13' title="bbox 448 1795 1472 1882; baseline -0.007 -16"><span class='ocrx_word' id='word_1_84' title='bbox 448 1797 772 1882; x_wconf 83' lang='lat' dir='ltr'>definientequidem</span> <span class='ocrx_word' id='word_1_85' title='bbox 799 1795 940 1880; x_wconf 72' lang='lat' dir='ltr'>Austore</span> <span class='ocrx_word' id='word_1_86' title='bbox 966 1799 1108 1862; x_wconf 87' lang='lat' dir='ltr'>Herenn.</span> <span class='ocrx_word' id='word_1_87' title='bbox 1132 1812 1166 1871; x_wconf 78' lang='lat' dir='ltr'>t,</span> <span class='ocrx_word' id='word_1_88' title='bbox 1195 1812 1227 1862; x_wconf 80' lang='lat' dir='ltr'>a.</span> <span class='ocrx_word' id='word_1_89' title='bbox 1257 1807 1290 1861; x_wconf 89' lang='lat' dir='ltr'>et</span> <span class='ocrx_word' id='word_1_90' title='bbox 1309 1795 1374 1863; x_wconf 87' lang='lat' dir='ltr'>Cic.</span> <span class='ocrx_word' id='word_1_91' title='bbox 1402 1798 1452 1861; x_wconf 89' lang='lat' dir='ltr'>In·</span> <span class='ocrx_word' id='word_1_92' title='bbox 1464 1852 1472 1874; x_wconf 26' lang='lat'>,-</span> 
     </span>
     <span class='ocr_line' id='line_1_14' title="bbox 449 1880 1451 1967; baseline -0.004 -17"><span class='ocrx_word' id='word_1_93' title='bbox 449 1895 536 1952; x_wconf 83' lang='lat' dir='ltr'>vent.</span> <span class='ocrx_word' id='word_1_94' title='bbox 563 1905 589 1963; x_wconf 84' lang='grc' dir='ltr'>ι,</span> <span class='ocrx_word' id='word_1_95' title='bbox 608 1900 641 1965; x_wconf 75' lang='lat' dir='ltr'>q.</span> <span class='ocrx_word' id='word_1_96' title='bbox 666 1883 840 1949; x_wconf 71' lang='lat' dir='ltr'>nonarum</span> <span class='ocrx_word' id='word_1_97' title='bbox 865 1883 1026 1949; x_wconf 80' lang='lat' dir='ltr'>verboram</span> <span class='ocrx_word' id='word_1_98' title='bbox 1052 1892 1082 1946; x_wconf 82' lang='lat' dir='ltr'>et</span> <span class='ocrx_word' id='word_1_99' title='bbox 1092 1880 1317 1967; x_wconf 76' lang='lat' dir='ltr'>sententiarum</span> <span class='ocrx_word' id='word_1_100' title='bbox 1343 1882 1388 1948; x_wconf 77' lang='lat' dir='ltr'>ad</span> <span class='ocrx_word' id='word_1_101' title='bbox 1407 1883 1451 1946; x_wconf 84' lang='lat' dir='ltr'>ia-</span> 
     </span>
     <span class='ocr_line' id='line_1_15' title="bbox 449 1968 1452 2049; baseline -0.005 -13"><span class='ocrx_word' id='word_1_102' title='bbox 449 1974 616 2036; x_wconf 74' lang='lat' dir='ltr'>ctationem</span> <span class='ocrx_word' id='word_1_103' title='bbox 636 1968 882 2034; x_wconf 73' lang='lat' dir='ltr'>&#39;arcomnwaatan</span> <span class='ocrx_word' id='word_1_104' title='bbox 926 1968 1144 2048; x_wconf 82' lang='lat' dir='ltr'>Quintilianus¹</span> <span class='ocrx_word' id='word_1_105' title='bbox 1166 1968 1233 2032; x_wconf 88' lang='lat' dir='ltr'>Lib.</span> <span class='ocrx_word' id='word_1_106' title='bbox 1255 1974 1286 2042; x_wconf 85' lang='lat'>8.</span> <span class='ocrx_word' id='word_1_107' title='bbox 1306 1978 1452 2049; x_wconf 75' lang='lat' dir='ltr'>prooem</span> 
     </span>
     <span class='ocr_line' id='line_1_16' title="bbox 453 2051 1508 2200; baseline -0.008 -76"><span class='ocrx_word' id='word_1_108' title='bbox 453 2073 505 2137; x_wconf 86' lang='lat'>15.</span> <span class='ocrx_word' id='word_1_109' title='bbox 532 2058 645 2140; x_wconf 78' lang='lat' dir='ltr'>eloqui,</span> <span class='ocrx_word' id='word_1_110' title='bbox 666 2056 785 2137; x_wconf 87' lang='lat' dir='ltr'>inquit,</span> <span class='ocrx_word' id='word_1_111' title='bbox 808 2055 867 2132; x_wconf 87' lang='lat' dir='ltr'>est,</span> <span class='ocrx_word' id='word_1_112' title='bbox 894 2055 1002 2118; x_wconf 89' lang='lat' dir='ltr'>omnia</span> <span class='ocrx_word' id='word_1_113' title='bbox 1027 2051 1106 2137; x_wconf 78' lang='lat' dir='ltr'>quae</span> <span class='ocrx_word' id='word_1_114' title='bbox 1127 2063 1232 2119; x_wconf 85' lang='lat' dir='ltr'>mente</span> <span class='ocrx_word' id='word_1_115' title='bbox 1252 2053 1452 2200; x_wconf 50' lang='lat' dir='ltr'>conceperis,</span> <span class='ocrx_word' id='word_1_116' title='bbox 1506 2066 1508 2071; x_wconf 73' lang='grc'>’</span> 
     </span>
    </p>

    <p class='ocr_par' dir='ltr' id='par_1_7' title="bbox 300 2137 1451 2227">
     <span class='ocr_line' id='line_1_17' title="bbox 300 2137 1451 2227; baseline -0.003 -22"><span class='ocrx_word' id='word_1_117' title='bbox 300 2147 306 2154; x_wconf 89' lang='grc'><strong>’</strong></span> <span class='ocrx_word' id='word_1_118' title='bbox 350 2195 353 2203; x_wconf 61' lang='lat'>.</span> <span class='ocrx_word' id='word_1_119' title='bbox 451 2161 625 2227; x_wconf 81' lang='lat' dir='ltr'>promere,</span> <span class='ocrx_word' id='word_1_120' title='bbox 644 2148 736 2223; x_wconf 89' lang='lat' dir='ltr'>atque</span> <span class='ocrx_word' id='word_1_121' title='bbox 756 2140 796 2203; x_wconf 92' lang='lat' dir='ltr'>ad</span> <span class='ocrx_word' id='word_1_122' title='bbox 816 2142 980 2221; x_wconf 74' lang='lat' dir='ltr'>audientes</span> <span class='ocrx_word' id='word_1_123' title='bbox 998 2141 1161 2222; x_wconf 64' lang='lat' dir='ltr'>prolerre,</span> <span class='ocrx_word' id='word_1_124' title='bbox 1180 2137 1243 2201; x_wconf 85' lang='lat' dir='ltr'>fine</span> <span class='ocrx_word' id='word_1_125' title='bbox 1262 2158 1325 2222; x_wconf 91' lang='lat' dir='ltr'>quo</span> <span class='ocrx_word' id='word_1_126' title='bbox 1359 2158 1451 2219; x_wconf 87' lang='lat' dir='ltr'>uper·</span> 
     </span>
    </p>

    <p class='ocr_par' dir='ltr' id='par_1_8' title="bbox 332 2224 1457 2479">
     <span class='ocr_line' id='line_1_18' title="bbox 332 2224 1452 2309; baseline -0.004 -17"><span class='ocrx_word' id='word_1_127' title='bbox 332 2252 352 2299; x_wconf 79' lang='grc'>·,</span> <span class='ocrx_word' id='word_1_128' title='bbox 451 2246 549 2292; x_wconf 83' lang='lat' dir='ltr'>vacua</span> <span class='ocrx_word' id='word_1_129' title='bbox 570 2224 641 2303; x_wconf 86' lang='lat' dir='ltr'>sunt</span> <span class='ocrx_word' id='word_1_130' title='bbox 659 2227 816 2307; x_wconf 75' lang='lat' dir='ltr'>priorajet</span> <span class='ocrx_word' id='word_1_131' title='bbox 837 2225 945 2289; x_wconf 86' lang='lat' dir='ltr'>limilia</span> <span class='ocrx_word' id='word_1_132' title='bbox 965 2225 1074 2309; x_wconf 89' lang='lat' dir='ltr'>gladio</span> <span class='ocrx_word' id='word_1_133' title='bbox 1091 2226 1241 2298; x_wconf 90' lang='lat' dir='ltr'>condito,</span> <span class='ocrx_word' id='word_1_134' title='bbox 1260 2242 1350 2306; x_wconf 84' lang='lat' dir='ltr'>atque</span> <span class='ocrx_word' id='word_1_135' title='bbox 1370 2226 1452 2287; x_wconf 88' lang='lat' dir='ltr'>intra</span> 
     </span>
     <span class='ocr_line' id='line_1_19' title="bbox 450 2308 1457 2396; baseline -0.007 -18"><span class='ocrx_word' id='word_1_136' title='bbox 450 2316 598 2396; x_wconf 82' lang='lat' dir='ltr'>vaginam</span> <span class='ocrx_word' id='word_1_137' title='bbox 626 2308 710 2374; x_wconf 87' lang='lat' dir='ltr'>suam</span> <span class='ocrx_word' id='word_1_138' title='bbox 737 2310 918 2376; x_wconf 83' lang='lat' dir='ltr'>haerenti.“</span> <span class='ocrx_word' id='word_1_139' title='bbox 979 2312 1064 2374; x_wconf 88' lang='lat' dir='ltr'>Hinc</span> <span class='ocrx_word' id='word_1_140' title='bbox 1090 2311 1258 2392; x_wconf 79' lang='lat' dir='ltr'>eloquentia</span> <span class='ocrx_word' id='word_1_141' title='bbox 1286 2309 1457 2392; x_wconf 56' lang='lat' dir='ltr'>appellatae</span> 
     </span>
     <span class='ocr_line' id='line_1_20' title="bbox 451 2395 1452 2479; baseline -0.004 -17"><span class='ocrx_word' id='word_1_142' title='bbox 451 2399 553 2464; x_wconf 88' lang='lat' dir='ltr'>virtus</span> <span class='ocrx_word' id='word_1_143' title='bbox 574 2400 694 2462; x_wconf 87' lang='lat' dir='ltr'>oratori</span> <span class='ocrx_word' id='word_1_144' title='bbox 714 2398 858 2478; x_wconf 81' lang='lat' dir='ltr'>propria,</span> <span class='ocrx_word' id='word_1_145' title='bbox 891 2415 950 2479; x_wconf 87' lang='lat' dir='ltr'>qua</span> <span class='ocrx_word' id='word_1_146' title='bbox 971 2406 1083 2459; x_wconf 88' lang='lat' dir='ltr'>ornate</span> <span class='ocrx_word' id='word_1_147' title='bbox 1102 2395 1179 2458; x_wconf 90' lang='lat' dir='ltr'>dicit</span> <span class='ocrx_word' id='word_1_148' title='bbox 1199 2415 1256 2468; x_wconf 89' lang='lat' dir='ltr'>ea,</span> <span class='ocrx_word' id='word_1_149' title='bbox 1280 2414 1358 2477; x_wconf 90' lang='lat' dir='ltr'>quae</span> <span class='ocrx_word' id='word_1_150' title='bbox 1379 2414 1452 2475; x_wconf 84' lang='lat' dir='ltr'>pru·</span> 
     </span>
    </p>

    <p class='ocr_par' dir='ltr' id='par_1_9' title="bbox 359 2476 1529 2915">
     <span class='ocr_line' id='line_1_21' title="bbox 359 2476 1453 2566; baseline -0.001 -19"><span class='ocrx_word' id='word_1_151' title='bbox 359 2504 370 2517; x_wconf 93' lang='grc'>··</span> <span class='ocrx_word' id='word_1_152' title='bbox 391 2549 396 2564; x_wconf 76' lang='lat'>.</span> <span class='ocrx_word' id='word_1_153' title='bbox 451 2476 564 2547; x_wconf 82' lang='lat' dir='ltr'>denter</span> <span class='ocrx_word' id='word_1_154' title='bbox 584 2482 707 2545; x_wconf 89' lang='lat' dir='ltr'>inuenit</span> <span class='ocrx_word' id='word_1_155' title='bbox 728 2491 761 2543; x_wconf 89' lang='lat' dir='ltr'>et</span> <span class='ocrx_word' id='word_1_156' title='bbox 780 2482 1054 2562; x_wconf 81' lang='lat' dir='ltr'>apte&#39;collocauit.</span> <span class='ocrx_word' id='word_1_157' title='bbox 1086 2481 1146 2562; x_wconf 83' lang='lat' dir='ltr'>vid.</span> <span class='ocrx_word' id='word_1_158' title='bbox 1166 2501 1235 2544; x_wconf 72' lang='lat' dir='ltr'>voc.</span> <span class='ocrx_word' id='word_1_159' title='bbox 1261 2479 1453 2566; x_wconf 75' lang='lat' dir='ltr'>Eloquentia.</span> 
     </span>
     <span class='ocr_line' id='line_1_22' title="bbox 450 2557 1529 2659; baseline 0 -28"><span class='ocrx_word' id='word_1_160' title='bbox 450 2571 540 2637; x_wconf 86' lang='lat' dir='ltr'>Idem</span> <span class='ocrx_word' id='word_1_161' title='bbox 560 2567 693 2644; x_wconf 90' lang='lat' dir='ltr'>Quintil.</span> <span class='ocrx_word' id='word_1_162' title='bbox 716 2565 842 2629; x_wconf 81' lang='lat' dir='ltr'>confert</span> <span class='ocrx_word' id='word_1_163' title='bbox 864 2569 1058 2632; x_wconf 87' lang='lat' dir='ltr'>Graecorum</span> <span class='ocrx_word' id='word_1_164' title='bbox 1087 2557 1218 2647; x_wconf 72' lang='grc' dir='ltr'>φράσιν,</span> <span class='ocrx_word' id='word_1_165' title='bbox 1246 2586 1337 2647; x_wconf 89' lang='lat' dir='ltr'>quam</span> <span class='ocrx_word' id='word_1_166' title='bbox 1360 2568 1451 2631; x_wconf 79' lang='lat' dir='ltr'>clocu-</span> <span class='ocrx_word' id='word_1_167' title='bbox 1525 2644 1529 2659; x_wconf 39' lang='grc' dir='ltr'>Ι</span> 
     </span>
     <span class='ocr_line' id='line_1_23' title="bbox 450 2651 1453 2734; baseline 0.002 -16"><span class='ocrx_word' id='word_1_168' title='bbox 450 2653 690 2730; x_wconf 69' lang='lat' dir='ltr'>aiaaam&#39;Latini</span> <span class='ocrx_word' id='word_1_169' title='bbox 715 2653 860 2716; x_wconf 79' lang='lat' dir='ltr'>dixerint.</span> <span class='ocrx_word' id='word_1_170' title='bbox 925 2652 988 2718; x_wconf 89' lang='lat' dir='ltr'>Sed</span> <span class='ocrx_word' id='word_1_171' title='bbox 1013 2651 1154 2734; x_wconf 88' lang='lat' dir='ltr'>pluribus</span> <span class='ocrx_word' id='word_1_172' title='bbox 1182 2653 1286 2717; x_wconf 81' lang='lat' dir='ltr'>modis</span> <span class='ocrx_word' id='word_1_173' title='bbox 1319 2655 1453 2720; x_wconf 83' lang='lat' dir='ltr'>eandem</span> 
     </span>
     <span class='ocr_line' id='line_1_24' title="bbox 452 2734 1524 2819; baseline 0.004 -18"><span class='ocrx_word' id='word_1_174' title='bbox 452 2738 595 2808; x_wconf 81' lang='lat' dir='ltr'>Graecos</span> <span class='ocrx_word' id='word_1_175' title='bbox 617 2734 746 2812; x_wconf 75' lang='lat' dir='ltr'>dixisse,</span> <span class='ocrx_word' id='word_1_176' title='bbox 774 2739 941 2801; x_wconf 82' lang='lat' dir='ltr'>docuimus</span> <span class='ocrx_word' id='word_1_177' title='bbox 967 2740 1000 2800; x_wconf 90' lang='lat' dir='ltr'>in</span> <span class='ocrx_word' id='word_1_178' title='bbox 1026 2738 1100 2801; x_wconf 84' lang='lat' dir='ltr'>Lex.</span> <span class='ocrx_word' id='word_1_179' title='bbox 1124 2758 1172 2819; x_wconf 87' lang='lat' dir='ltr'>gr.</span> <span class='ocrx_word' id='word_1_180' title='bbox 1194 2739 1298 2800; x_wconf 85' lang='lat' dir='ltr'>techn.</span> <span class='ocrx_word' id='word_1_181' title='bbox 1320 2740 1358 2802; x_wconf 90' lang='lat' dir='ltr'>ad</span> <span class='ocrx_word' id='word_1_182' title='bbox 1380 2759 1451 2805; x_wconf 85' lang='lat' dir='ltr'>voc.</span> <span class='ocrx_word' id='word_1_183' title='bbox 1518 2746 1524 2758; x_wconf 96' lang='lat'><em>&#39;</em></span> 
     </span>
     <span class='ocr_line' id='line_1_25' title="bbox 452 2811 1446 2915; baseline -0.001 -26"><span class='ocrx_word' id='word_1_184' title='bbox 452 2818 648 2903; x_wconf 46' lang='lat' dir='ltr'>dannaia,</span> <span class='ocrx_word' id='word_1_185' title='bbox 671 2811 827 2907; x_wconf 69' lang='grc' dir='ltr'>ἑρμηνεία,</span> <span class='ocrx_word' id='word_1_186' title='bbox 848 2819 948 2899; x_wconf 71' lang='grc' dir='ltr'>λέξις,</span> <span class='ocrx_word' id='word_1_187' title='bbox 975 2818 1119 2901; x_wconf 74' lang='grc' dir='ltr'>ὀνομασία</span> <span class='ocrx_word' id='word_1_188' title='bbox 1139 2831 1173 2886; x_wconf 86' lang='lat' dir='ltr'>et</span> <span class='ocrx_word' id='word_1_189' title='bbox 1193 2817 1390 2907; x_wconf 73' lang='grc' dir='ltr'>φραστικίς.-</span> <span class='ocrx_word' id='word_1_190' title='bbox 1412 2912 1413 2915; x_wconf 63' lang='lat'>,</span> <span class='ocrx_word' id='word_1_191' title='bbox 1444 2861 1446 2866; x_wconf 95' lang='lat'>·</span> 
     </span>
    </p>
   </div>
   <div class='ocr_carea' id='block_1_6' title="bbox 712 2958 1109 3054">
    <p class='ocr_par' dir='ltr' id='par_1_10' title="bbox 712 2958 1109 3054">
     <span class='ocr_line' id='line_1_26' title="bbox 712 2958 1109 3054; baseline -0.003 -28"><span class='ocrx_word' id='word_1_192' title='bbox 712 3039 716 3054; x_wconf 42' lang='grc'><strong>,</strong></span> <span class='ocrx_word' id='word_1_193' title='bbox 798 2958 1109 3048; x_wconf 72' lang='lat' dir='ltr'>Eloquentia.</span> 
     </span>
    </p>
   </div>
   <div class='ocr_carea' id='block_1_7' title="bbox 322 3063 1502 4522">
    <p class='ocr_par' dir='ltr' id='par_1_11' title="bbox 322 3063 1502 4522">
     <span class='ocr_line' id='line_1_27' title="bbox 537 3063 1454 3167; baseline 0.005 -23"><span class='ocrx_word' id='word_1_194' title='bbox 537 3063 673 3148; x_wconf 61' lang='lat' dir='ltr'>Vrinam</span> <span class='ocrx_word' id='word_1_195' title='bbox 708 3080 890 3165; x_wconf 80' lang='lat' dir='ltr'>eloquentiae</span> <span class='ocrx_word' id='word_1_196' title='bbox 922 3078 1082 3160; x_wconf 85' lang='lat' dir='ltr'>originem</span> <span class='ocrx_word' id='word_1_197' title='bbox 1118 3080 1276 3163; x_wconf 88' lang='lat' dir='ltr'>praeclare</span> <span class='ocrx_word' id='word_1_198' title='bbox 1309 3081 1454 3167; x_wconf 80' lang='lat' dir='ltr'>exposuit</span> 
     </span>
     <span class='ocr_line' id='line_1_28' title="bbox 453 3161 1453 3253; baseline 0.002 -22"><span class='ocrx_word' id='word_1_199' title='bbox 453 3161 570 3248; x_wconf 86' lang='lat' dir='ltr'>Cicero</span> <span class='ocrx_word' id='word_1_200' title='bbox 587 3168 710 3229; x_wconf 87' lang='lat' dir='ltr'>Inueut.</span> <span class='ocrx_word' id='word_1_201' title='bbox 740 3190 766 3241; x_wconf 87' lang='grc' dir='ltr'>ι,</span> <span class='ocrx_word' id='word_1_202' title='bbox 788 3186 819 3231; x_wconf 77' lang='lat' dir='ltr'>a.</span> <span class='ocrx_word' id='word_1_203' title='bbox 841 3166 900 3251; x_wconf 82' lang='lat' dir='ltr'>sqq.</span> <span class='ocrx_word' id='word_1_204' title='bbox 944 3164 991 3229; x_wconf 91' lang='lat' dir='ltr'>lbi</span> <span class='ocrx_word' id='word_1_205' title='bbox 1011 3168 1080 3229; x_wconf 83' lang='lat' dir='ltr'>eiua</span> <span class='ocrx_word' id='word_1_206' title='bbox 1101 3169 1180 3235; x_wconf 87' lang='lat' dir='ltr'>vim.</span> <span class='ocrx_word' id='word_1_207' title='bbox 1197 3168 1296 3252; x_wconf 80' lang='lat' dir='ltr'>graui</span> <span class='ocrx_word' id='word_1_208' title='bbox 1315 3178 1345 3232; x_wconf 81' lang='lat' dir='ltr'>at</span> <span class='ocrx_word' id='word_1_209' title='bbox 1356 3168 1453 3253; x_wconf 78' lang='lat' dir='ltr'>sraaai</span> 
     </span>
     <span class='ocr_line' id='line_1_29' title="bbox 453 3246 1454 3334; baseline 0.003 -20"><span class='ocrx_word' id='word_1_210' title='bbox 453 3254 592 3332; x_wconf 57' lang='lat' dir='ltr'>oratione</span> <span class='ocrx_word' id='word_1_211' title='bbox 612 3246 786 3333; x_wconf 76' lang='lat' dir='ltr'>breuilfime</span> <span class='ocrx_word' id='word_1_212' title='bbox 805 3250 967 3334; x_wconf 85' lang='lat' dir='ltr'>fignificat.</span> <span class='ocrx_word' id='word_1_213' title='bbox 1003 3251 1140 3326; x_wconf 89' lang='lat' dir='ltr'>Eadem,</span> <span class='ocrx_word' id='word_1_214' title='bbox 1163 3265 1198 3316; x_wconf 89' lang='lat' dir='ltr'>vt</span> <span class='ocrx_word' id='word_1_215' title='bbox 1218 3252 1291 3334; x_wconf 87' lang='lat' dir='ltr'>Cap.</span> <span class='ocrx_word' id='word_1_216' title='bbox 1309 3270 1337 3334; x_wconf 86' lang='lat'>5.</span> <span class='ocrx_word' id='word_1_217' title='bbox 1359 3256 1454 3319; x_wconf 85' lang='lat' dir='ltr'>doce·</span> 
     </span>
     <span class='ocr_line' id='line_1_30' title="bbox 379 3335 1453 3418; baseline 0.007 -21"><span class='ocrx_word' id='word_1_218' title='bbox 379 3339 381 3344; x_wconf 87' lang='grc'><strong>’</strong></span> <span class='ocrx_word' id='word_1_219' title='bbox 452 3345 524 3410; x_wconf 87' lang='lat' dir='ltr'>tur,</span> <span class='ocrx_word' id='word_1_220' title='bbox 546 3337 690 3417; x_wconf 87' lang='lat' dir='ltr'>inprimis</span> <span class='ocrx_word' id='word_1_221' title='bbox 709 3335 891 3408; x_wconf 88' lang='lat' dir='ltr'>artificiosa,</span> <span class='ocrx_word' id='word_1_222' title='bbox 914 3354 991 3418; x_wconf 90' lang='lat' dir='ltr'>quae</span> <span class='ocrx_word' id='word_1_223' title='bbox 1010 3337 1167 3406; x_wconf 83' lang='lat' dir='ltr'>rhetorica</span> <span class='ocrx_word' id='word_1_224' title='bbox 1187 3339 1319 3413; x_wconf 87' lang='lat' dir='ltr'>dicitur,</span> <span class='ocrx_word' id='word_1_225' title='bbox 1346 3342 1453 3405; x_wconf 79' lang='lat' dir='ltr'>ciuilis</span> 
     </span>
     <span class='ocr_line' id='line_1_31' title="bbox 333 3421 1453 3504; baseline 0.003 -18"><span class='ocrx_word' id='word_1_226' title='bbox 333 3479 335 3486; x_wconf 58' lang='lat'>.</span> <span class='ocrx_word' id='word_1_227' title='bbox 453 3421 601 3485; x_wconf 82' lang='lat' dir='ltr'>scientiae</span> <span class='ocrx_word' id='word_1_228' title='bbox 621 3441 734 3504; x_wconf 85' lang='lat' dir='ltr'>magna</span> <span class='ocrx_word' id='word_1_229' title='bbox 755 3431 788 3483; x_wconf 92' lang='lat' dir='ltr'>et</span> <span class='ocrx_word' id='word_1_230' title='bbox 806 3422 909 3504; x_wconf 89' lang='lat' dir='ltr'>ampla</span> <span class='ocrx_word' id='word_1_231' title='bbox 939 3440 1010 3501; x_wconf 84' lang='lat' dir='ltr'>pars</span> <span class='ocrx_word' id='word_1_232' title='bbox 1031 3422 1089 3486; x_wconf 82' lang='lat' dir='ltr'>est.</span> <span class='ocrx_word' id='word_1_233' title='bbox 1138 3426 1254 3500; x_wconf 67' lang='lat' dir='ltr'>vQuare</span> <span class='ocrx_word' id='word_1_234' title='bbox 1277 3424 1391 3488; x_wconf 89' lang='lat' dir='ltr'>Cicero</span> <span class='ocrx_word' id='word_1_235' title='bbox 1411 3429 1453 3489; x_wconf 89' lang='lat' dir='ltr'>de</span> 
     </span>
     <span class='ocr_line' id='line_1_32' title="bbox 415 3504 1502 3592; baseline 0.003 -21"><span class='ocrx_word' id='word_1_236' title='bbox 415 3505 417 3514; x_wconf 79' lang='grc'>’</span> <span class='ocrx_word' id='word_1_237' title='bbox 454 3504 547 3571; x_wconf 88' lang='lat' dir='ltr'>Offic.</span> <span class='ocrx_word' id='word_1_238' title='bbox 573 3523 601 3581; x_wconf 87' lang='lat'>1,</span> <span class='ocrx_word' id='word_1_239' title='bbox 620 3521 673 3585; x_wconf 79' lang='lat' dir='ltr'>qq.</span> <span class='ocrx_word' id='word_1_240' title='bbox 695 3504 827 3590; x_wconf 87' lang='lat' dir='ltr'>„eloqui</span> <span class='ocrx_word' id='word_1_241' title='bbox 847 3506 992 3588; x_wconf 79' lang='lat' dir='ltr'>copiose,</span> <span class='ocrx_word' id='word_1_242' title='bbox 1015 3509 1131 3591; x_wconf 86' lang='lat' dir='ltr'>inquit,</span> <span class='ocrx_word' id='word_1_243' title='bbox 1150 3510 1263 3571; x_wconf 90' lang='lat' dir='ltr'>melius</span> <span class='ocrx_word' id='word_1_244' title='bbox 1286 3510 1339 3581; x_wconf 76' lang='lat' dir='ltr'>eli,</span> <span class='ocrx_word' id='word_1_245' title='bbox 1361 3531 1453 3592; x_wconf 86' lang='lat' dir='ltr'>quam</span> <span class='ocrx_word' id='word_1_246' title='bbox 1492 3557 1502 3580; x_wconf 71' lang='lat'>.</span> 
     </span>
     <span class='ocr_line' id='line_1_33' title="bbox 454 3584 1453 3680; baseline 0.008 -27"><span class='ocrx_word' id='word_1_247' title='bbox 454 3590 507 3653; x_wconf 80' lang='lat' dir='ltr'>vel</span> <span class='ocrx_word' id='word_1_248' title='bbox 527 3588 696 3655; x_wconf 81' lang='lat' dir='ltr'>acutiffime</span> <span class='ocrx_word' id='word_1_249' title='bbox 715 3588 779 3680; x_wconf 71' lang='lat' dir='ltr'>line</span> <span class='ocrx_word' id='word_1_250' title='bbox 801 3591 979 3676; x_wconf 86' lang='lat' dir='ltr'>eloquentia</span> <span class='ocrx_word' id='word_1_251' title='bbox 1007 3584 1164 3675; x_wconf 72' lang='lat' dir='ltr'>cogitare:</span> <span class='ocrx_word' id='word_1_252' title='bbox 1193 3597 1277 3677; x_wconf 89' lang='lat' dir='ltr'>quod</span> <span class='ocrx_word' id='word_1_253' title='bbox 1298 3598 1453 3679; x_wconf 86' lang='lat' dir='ltr'>cogitatio</span> 
     </span>
     <span class='ocr_line' id='line_1_34' title="bbox 438 3672 1482 3765; baseline 0.007 -26"><span class='ocrx_word' id='word_1_254' title='bbox 438 3676 490 3754; x_wconf 84' lang='lat' dir='ltr'>in</span> <span class='ocrx_word' id='word_1_255' title='bbox 511 3672 543 3736; x_wconf 82' lang='lat' dir='ltr'>se·</span> <span class='ocrx_word' id='word_1_256' title='bbox 566 3672 629 3760; x_wconf 83' lang='lat' dir='ltr'>ipla</span> <span class='ocrx_word' id='word_1_257' title='bbox 653 3678 799 3751; x_wconf 87' lang='lat' dir='ltr'>vertitur,</span> <span class='ocrx_word' id='word_1_258' title='bbox 829 3679 1008 3763; x_wconf 82' lang='lat' dir='ltr'>eloquentia</span> <span class='ocrx_word' id='word_1_259' title='bbox 1033 3677 1254 3760; x_wconf 74' lang='lat' dir='ltr'>complestitur</span> <span class='ocrx_word' id='word_1_260' title='bbox 1282 3701 1357 3758; x_wconf 87' lang='lat' dir='ltr'>eos,</span> <span class='ocrx_word' id='word_1_261' title='bbox 1386 3686 1453 3765; x_wconf 88' lang='lat' dir='ltr'>qui·</span> <span class='ocrx_word' id='word_1_262' title='bbox 1479 3727 1482 3733; x_wconf 81' lang='lat'>·</span> 
     </span>
     <span class='ocr_line' id='line_1_35' title="bbox 453 3761 1452 3850; baseline 0.011 -28"><span class='ocrx_word' id='word_1_263' title='bbox 453 3761 587 3846; x_wconf 67' lang='lat' dir='ltr'>boscum</span> <span class='ocrx_word' id='word_1_264' title='bbox 619 3764 846 3828; x_wconf 90' lang='lat' dir='ltr'>communitate</span> <span class='ocrx_word' id='word_1_265' title='bbox 871 3762 969 3829; x_wconf 70' lang='lat' dir='ltr'>inniti</span> <span class='ocrx_word' id='word_1_266' title='bbox 996 3763 1140 3829; x_wconf 75' lang='lat' dir='ltr'>fumun-‘⁴</span> <span class='ocrx_word' id='word_1_267' title='bbox 1189 3766 1235 3829; x_wconf 87' lang='lat' dir='ltr'>cf.</span> <span class='ocrx_word' id='word_1_268' title='bbox 1260 3767 1376 3840; x_wconf 77' lang='lat' dir='ltr'>Lina,</span> <span class='ocrx_word' id='word_1_269' title='bbox 1402 3784 1452 3850; x_wconf 79' lang='lat' dir='ltr'>tq.</span> 
     </span>
     <span class='ocr_line' id='line_1_36' title="bbox 322 3844 1453 3932; baseline 0.01 -24"><span class='ocrx_word' id='word_1_270' title='bbox 322 3871 333 3916; x_wconf 77' lang='lat' dir='ltr'>r</span> <span class='ocrx_word' id='word_1_271' title='bbox 456 3845 509 3909; x_wconf 89' lang='lat' dir='ltr'>vbi</span> <span class='ocrx_word' id='word_1_272' title='bbox 528 3844 640 3909; x_wconf 80' lang='lat' dir='ltr'>diserte</span> <span class='ocrx_word' id='word_1_273' title='bbox 659 3850 704 3911; x_wconf 91' lang='lat' dir='ltr'>ait</span> <span class='ocrx_word' id='word_1_274' title='bbox 725 3850 923 3932; x_wconf 88' lang='lat' dir='ltr'>eloquentiae</span> <span class='ocrx_word' id='word_1_275' title='bbox 949 3870 1067 3913; x_wconf 91' lang='lat' dir='ltr'>nomen</span> <span class='ocrx_word' id='word_1_276' title='bbox 1093 3852 1124 3913; x_wconf 90' lang='lat' dir='ltr'>in</span> <span class='ocrx_word' id='word_1_277' title='bbox 1150 3853 1304 3917; x_wconf 81' lang='lat' dir='ltr'>orationis</span> <span class='ocrx_word' id='word_1_278' title='bbox 1332 3862 1453 3919; x_wconf 87' lang='lat' dir='ltr'>rantum</span> 
     </span>
     <span class='ocr_line' id='line_1_37' title="bbox 334 3933 1452 4019; baseline 0.009 -24"><span class='ocrx_word' id='word_1_279' title='bbox 334 3957 343 3972; x_wconf 74' lang='lat'>.</span> <span class='ocrx_word' id='word_1_280' title='bbox 456 3933 697 3998; x_wconf 87' lang='lat' dir='ltr'>contentionem</span> <span class='ocrx_word' id='word_1_281' title='bbox 717 3936 846 4012; x_wconf 83' lang='lat' dir='ltr'>cadere3</span> <span class='ocrx_word' id='word_1_282' title='bbox 866 3957 944 4019; x_wconf 85' lang='lat' dir='ltr'>quae</span> <span class='ocrx_word' id='word_1_283' title='bbox 965 3937 1089 4017; x_wconf 90' lang='lat' dir='ltr'>quidem</span> <span class='ocrx_word' id='word_1_284' title='bbox 1108 3940 1274 4005; x_wconf 85' lang='lat' dir='ltr'>contentio</span> <span class='ocrx_word' id='word_1_285' title='bbox 1302 3959 1369 4001; x_wconf 92' lang='lat' dir='ltr'>non</span> <span class='ocrx_word' id='word_1_286' title='bbox 1396 3940 1452 4006; x_wconf 78' lang='lat' dir='ltr'>nili</span> 
     </span>
     <span class='ocr_line' id='line_1_38' title="bbox 454 4016 1461 4113; baseline 0.01 -32"><span class='ocrx_word' id='word_1_287' title='bbox 454 4019 494 4081; x_wconf 90' lang='lat' dir='ltr'>ad</span> <span class='ocrx_word' id='word_1_288' title='bbox 521 4016 626 4081; x_wconf 84' lang='lat' dir='ltr'>forum</span> <span class='ocrx_word' id='word_1_289' title='bbox 655 4028 687 4081; x_wconf 90' lang='lat' dir='ltr'>et</span> <span class='ocrx_word' id='word_1_290' title='bbox 713 4021 827 4084; x_wconf 88' lang='lat' dir='ltr'>iudicia</span> <span class='ocrx_word' id='word_1_291' title='bbox 851 4024 999 4104; x_wconf 88' lang='lat' dir='ltr'>pertinet.</span> <span class='ocrx_word' id='word_1_292' title='bbox 1028 4022 1088 4084; x_wconf 84' lang='lat' dir='ltr'>vid.</span> <span class='ocrx_word' id='word_1_293' title='bbox 1122 4019 1283 4113; x_wconf 81' lang='lat' dir='ltr'>antentio.</span> <span class='ocrx_word' id='word_1_294' title='bbox 1328 4026 1390 4089; x_wconf 89' lang='lat' dir='ltr'>Sed</span> <span class='ocrx_word' id='word_1_295' title='bbox 1411 4028 1461 4091; x_wconf 87' lang='lat' dir='ltr'>ad</span> 
     </span>
     <span class='ocr_line' id='line_1_39' title="bbox 348 4102 1451 4193; baseline 0.009 -28"><span class='ocrx_word' id='word_1_296' title='bbox 348 4167 351 4177; x_wconf 74' lang='grc'><strong>,</strong></span> <span class='ocrx_word' id='word_1_297' title='bbox 453 4102 568 4177; x_wconf 82' lang='lat' dir='ltr'>Libros</span> <span class='ocrx_word' id='word_1_298' title='bbox 588 4105 629 4169; x_wconf 87' lang='lat' dir='ltr'>de</span> <span class='ocrx_word' id='word_1_299' title='bbox 648 4107 837 4170; x_wconf 87' lang='lat' dir='ltr'>quentione</span> <span class='ocrx_word' id='word_1_300' title='bbox 858 4109 1040 4169; x_wconf 77' lang='lat' dir='ltr'>redeamus.&#39;</span> <span class='ocrx_word' id='word_1_301' title='bbox 1074 4106 1223 4171; x_wconf 89' lang='lat' dir='ltr'>Officium</span> <span class='ocrx_word' id='word_1_302' title='bbox 1252 4108 1451 4193; x_wconf 85' lang='lat' dir='ltr'>eloquentiae</span> 
     </span>
     <span class='ocr_line' id='line_1_40' title="bbox 440 4188 1451 4278; baseline 0.007 -25"><span class='ocrx_word' id='word_1_303' title='bbox 440 4188 516 4261; x_wconf 68' lang='lat' dir='ltr'>ast,</span> <span class='ocrx_word' id='word_1_304' title='bbox 538 4189 800 4272; x_wconf 73' lang='lat' dir='ltr'>dicere&#39;apposrte</span> <span class='ocrx_word' id='word_1_305' title='bbox 820 4194 859 4255; x_wconf 90' lang='lat' dir='ltr'>ad</span> <span class='ocrx_word' id='word_1_306' title='bbox 879 4189 1123 4275; x_wconf 87' lang='lat' dir='ltr'>persuafionem:</span> <span class='ocrx_word' id='word_1_307' title='bbox 1151 4192 1241 4267; x_wconf 86' lang='lat' dir='ltr'>finis,</span> <span class='ocrx_word' id='word_1_308' title='bbox 1270 4195 1451 4278; x_wconf 85' lang='lat' dir='ltr'>persuadere</span> 
     </span>
     <span class='ocr_line' id='line_1_41' title="bbox 421 4271 1451 4364; baseline 0.01 -28"><span class='ocrx_word' id='word_1_309' title='bbox 421 4336 427 4346; x_wconf 70' lang='grc'><strong>,</strong></span> <span class='ocrx_word' id='word_1_310' title='bbox 452 4271 602 4338; x_wconf 77' lang='lat' dir='ltr'>dillione.</span> <span class='ocrx_word' id='word_1_311' title='bbox 670 4278 831 4340; x_wconf 84' lang='lat' dir='ltr'>Materiam</span> <span class='ocrx_word' id='word_1_312' title='bbox 857 4281 933 4343; x_wconf 85' lang='lat' dir='ltr'>artis</span> <span class='ocrx_word' id='word_1_313' title='bbox 958 4276 1266 4345; x_wconf 81' lang='lat' dir='ltr'>rhetoricaeCicero</span> <span class='ocrx_word' id='word_1_314' title='bbox 1289 4284 1451 4364; x_wconf 85' lang='lat' dir='ltr'>cumAri-</span> 
     </span>
     <span class='ocr_line' id='line_1_42' title="bbox 451 4358 1449 4451; baseline 0.005 -25"><span class='ocrx_word' id='word_1_315' title='bbox 451 4358 561 4434; x_wconf 67' lang='lat' dir='ltr'>dotale</span> <span class='ocrx_word' id='word_1_316' title='bbox 580 4361 727 4445; x_wconf 82' lang='lat' dir='ltr'>ponitin</span> <span class='ocrx_word' id='word_1_317' title='bbox 750 4360 907 4431; x_wconf 76' lang='lat' dir='ltr'>caularum</span> <span class='ocrx_word' id='word_1_318' title='bbox 923 4366 1114 4451; x_wconf 78' lang='lat' dir='ltr'>¹generibus,</span> <span class='ocrx_word' id='word_1_319' title='bbox 1143 4366 1369 4435; x_wconf 86' lang='lat' dir='ltr'>deliberatiuo.</span> <span class='ocrx_word' id='word_1_320' title='bbox 1395 4371 1449 4431; x_wconf 86' lang='lat' dir='ltr'>de-</span> 
     </span>
     <span class='ocr_line' id='line_1_43' title="bbox 520 4454 1449 4522; baseline 0.011 -10"><span class='ocrx_word' id='word_1_321' title='bbox 520 4479 523 4492; x_wconf 55' lang='grc' dir='ltr'><em>ι</em></span> <span class='ocrx_word' id='word_1_322' title='bbox 704 4455 714 4509; x_wconf 88' lang='grc'>“.</span> <span class='ocrx_word' id='word_1_323' title='bbox 1298 4454 1449 4522; x_wconf 68' lang='lat' dir='ltr'>monstra</span> 
     </span>
    </p>
   </div>
   <div class='ocr_carea' id='block_1_8' title="bbox 0 0 1780 5375">
    <p class='ocr_par' dir='ltr' id='par_1_12' title="bbox 0 0 1780 5375">
     <span class='ocr_line' id='line_1_44' title="bbox 0 0 1780 5375; baseline 0 0"><span class='ocrx_word' id='word_1_324' title='bbox 0 0 1780 5375; x_wconf 95' lang='lat' dir='ltr'> </span> 
     </span>
    </p>
   </div>
  </div>
 </body>
</html>
