3534 5375
642 672 970 759 enarratio
1161 650 1329 759 ‘nn

308 869 482 947 maximis
504 861 651 963 anan,
696 869 1124 963 administrantium,
1162 869 1204 944 n
1224 852 1326 975 quc*
1413 856 1418 871 '

307 998 665 1103 rumesoqttentia,
711 981 999 1102 quammaxime
1023 1003 1232 1093 emineant,
1282 993 1325 1078 et'
1449 1049 1458 1066 ·

307 1132 528 1204 imitatione
553 1129 666 1229 digna
690 1124 778 1224 sint,
827 1151 917 1239 cum
938 1124 1206 1240 animaduerti,
1237 1146 1322 1204 tum

307 1251 436 1332 notari
465 1254 610 1332 facilius
638 1255 847 1360 poliunt
872 1261 1013 1361 Neque
1041 1255 1117 1331 vllo
1146 1274 1339 1360 tempore

304 1384 416 1490 plut,
458 1393 574 1487 quam
612 1385 737 1461 nostra
773 1392 958 1462 memoria
994 1386 1100 1462 docti
1141 1388 1323 1487 acutique
1426 1396 1434 1410 “

310 1516 508 1607 homines,
564 1532 604 1590 tt
644 1515 757 1590 huius
804 1517 1047 1619 eloquentiae
1080 1511 1177 1587 sines
1217 1531 1325 1590 tecte

309 1662 549 1746 tegerentur,
593 1649 748 1722 virtutes
770 1664 837 1719 aut
857 1651 945 1721 vitia
969 1655 1209 1735 notarennm
1257 1667 1325 1719 co·

309 1776 398 1878 piae
421 1790 665 1875 augerentur,
706 1773 845 1878 scriptis
870 1775 1122 1851 elaborarunt.
1187 1758 1327 1872 Itaque
1425 1790 1431 1800 ’

244 1986 246 1990 ,
311 1901 492 2004 siquit,
512 1879 757 2006 eTheologis
778 1906 960 2000 maxime,
999 1886 1052 1982 ea
1069 1885 1276 1978 doctrina
1265 1921 1323 1973 m·

298 2031 491 2124 structus,
542 2050 583 2106 vt
615 2050 788 2109 veterum
823 2032 1041 2135 sapientiam
1079 2012 1323 2105 Rhetoricam

311 2160 490 2239 {accurate
519 2166 711 2260 cognitam
740 2164 899 2254 lrabeat,
955 2187 1003 2238 eo
1025 2176 1152 2235 autem
1179 2153 1325 2231 iudicio

310 2290 458 2381 valent,
491 2308 531 2364 tt
549 2290 616 2394 illa
637 2291 818 2395 aptiffime
842 2298 895 2367 vti
914 2288 1057 2395 poffit‚-
1086 2312 1134 2363 eo
1156 2269 1326 2388 deniqua'
1375 2352 1378 2358 .

309 2421 469 2521 ingenio
498 2407 711 2520 praeditus,
752 2442 809 2516 vt,
850 2442 929 2524 qno
963 2416 1136 2521 quidque
1172 2411 1323 2505 referat,

312 2546 409 2654 quid
431 2572 480 2622 ex
494 2546 759 2654 ‘antiquorum'
779 2556 899 2654 copiis
929 2540 1225 2657 adsciscendum,
1263 2534 1325 2617 tel
1453 2626 1463 2641 x

312 2675 559 2771 mutandum,
598 2669 660 2756 vel
689 2664 958 2782 separandum,
1000 2702 1047 2755 ex
1067 2677 1325 2751 recentiorum

312 2810 482 2884 inuentis
506 2820 545 2882 et
565 2804 693 2885 studiis
718 2810 811 2913 quid
834 2808 1113 2899 adhibendum,
1162 2821 1203 2879 et
1228 2826 1324 2903 quo·
1438 2831 1442 2852 ·

312 2936 435 3015 modo
460 2953 542 3009 tota
568 2936 666 3013 haec
688 2965 815 3015 rennn
836 2935 927 3013 [ilua
947 2938 997 3011 ad
1018 2932 1120 3010 vsum
1140 2931 1326 3007 idoneum
1417 2973 1420 2979 ·

239 3145 242 3155 ,
312 3062 616 3159 instruendam,
654 3087 766 3143 acute
788 3067 928 3158 videat,
971 3059 1116 3162 fiquis,
1154 3061 1325 3159 inquam,

314 3196 400 3273 talis
417 3193 466 3267 ad
479 3193 707 3273 Rhetoricae
722 3196 851 3274 sacrae
861 3194 1151 3293 descriptionem
1166 3180 1203 3261 se
1219 3210 1324 3262 conr

312 3328 524 3431 parauerit‚
575 3344 656 3400 tum
686 3353 766 3403 non
795 3323 1047 3436 dubitandum
1072 3312 1141 3409 est,
1184 3316 1326 3417 templa

312 3451 442 3534 nostra
463 3463 555 3525 mox
578 3474 748 3536 oratores
772 3484 838 3535 eoa
860 3429 1035 3530 habitura
1057 3444 1148 3536 effe,
1187 3444 1325 3546 quibua
1428 3487 1431 3492 ·

311 3577 433 3660 nemo
448 3582 509 3658 vel
523 3580 707 3685 spectare,
736 3587 796 3663 vel
812 3585 945 3661 audire
965 3579 1129 3684 aptiores
1146 3574 1247 3651 velit
1335 3619 1341 3634 ι

295 3873 298 3880 ·
394 3841 521 3933 Haec,
557 3857 656 3945 quae
681 3845 799 3945 magis
824 3837 944 3917 effudi
965 3835 1092 3926 rudia,
1133 3857 1249 3937 quam
1271 3831 1326 3907 di-

314 3965 469 4060 stincta,
518 3989 558 4046 et
590 3967 769 4045 illustrata
808 3987 848 4045 et
881 3982 1110 4070 pertractata
1135 3957 1324 4064 proposui,

314 4098 369 4173 ad
397 4096 503 4171 illam
531 4099 821 4175 meditationem
851 4122 995 4187 meam,
1044 4116 1159 4195 quam
1175 4090 1343 4198 ,Rhetog

269 4217 272 4224 ’
313 4252 405 4302 rum
428 4226 662 4302 Graecorum
693 4246 733 4303 et
763 4230 985 4302 Latinorum
1014 4220 1177 4298 studium
1198 4215 1326 4321 postu·

313 4354 440 4447 labat,
475 4360 542 4431 ita
562 4355 635 4441 sese
658 4357 925 4449 adiunxerant,
974 4369 1015 4429 at
1034 4355 1088 4426 ita
1106 4348 1201 4423 mihi
1222 4346 1326 4421 vide

1187 4475 1328 4552 bantur
