3534 5375
340 599 503 670 ·9ο4
785 574 1015 685 sul

438 755 609 838 capientes·
633 747 750 818 institui
786 747 948 829 solebant,
989 759 1024 816 st
1052 753 1098 816 ait
1128 751 1319 833 Quintiliani
1347 768 1377 827 a,
1405 770 1441 839 9.
1519 770 1527 801 ⁰

439 840 554 925 Graeci
574 828 833 923 recreassemus
855 844 986 911 vocant,
1004 839 1045 902 de
1070 839 1182 921 quibus
1210 840 1272 903 vid.
1294 841 1442 906 Lexicou

439 922 1181 1093 {isthmiustsltssslsssst
1201 923 1447 1096 &fidissi

377 1074 379 1081 .
788 1050 798 1083 r
938 1054 948 1084 e
1172 1052 1190 1086 o

438 1096 509 1172 ue,
537 1093 700 1163 suasoriae
726 1095 989 1169 declamationes,
1026 1094 1091 1158 loci
1124 1115 1331 1172 communem
1362 1116 1441 1183 quas

440 1183 587 1247 materias
607 1181 691 1245 inter
710 1179 884 1244 wmente
905 1179 1021 1244 &endi
1042 1179 1182 1245 recenset
1200 1183 1286 1245 idem
1304 1184 1442 1260 Quintil.

439 1283 475 1345 e,
498 1286 526 1332 r.
554 1275 585 1345 8.
610 1277 644 1330 et
670 1283 745 1329 mox
770 1267 877 1347 prime
908 1261 1075 1329 Rhomen
1097 1276 1262 1348 praecepta
1294 1271 1443 1350 appellat.

439 1352 524 1423 Nam
542 1352 621 1416 nihil
640 1351 685 1416 est
704 1369 832 1429 eorum,
871 1350 955 1433 quod
976 1370 1043 1413 uon
1069 1353 1103 1414 in
1128 1352 1253 1435 aliquod
1270 1373 1373 1436 genus
1394 1356 1443 1419 di·

310 1454 314 1469 ·
431 1440 538 1505 ..cendi
560 1439 686 1502 incidat.
729 1437 839 1518 Ergo,
859 1432 1040 1519 armassent
1051 1432 1141 1514 suec,
1160 1439 1276 1520 inquit,
1297 1441 1443 1523 quodem-

437 1525 529 1591 meo
547 1522 766 1606 praeparanda
774 1519 915 1606 semper,
936 1528 971 1585 ut
990 1518 1056 1596 sris,
1078 1544 1145 1587 eum
1162 1543 1212 1588 res
1232 1523 1349 1608 poscet,
1371 1535 1441 1593 vta·
1520 1554 1524 1569 ,

357 1614 360 1639 ¹
439 1613 501 1677 ris.
543 1610 681 1675 Easdem
699 1607 767 1673 Lib.
790 1623 819 1690 5,
844 1623 892 1686 ¹3·
912 1622 963 1686 44.
983 1610 1215 1673 exercitationes
1233 1619 1343 1687 vocat,
1364 1631 1442 1695 qaae

434 1695 512 1783 foro
525 1703 779 1781 praepararetur:
822 1691 994 1758 Suetonius
1015 1693 1056 1755 de
1077 1692 1285 1772 IllsGramm.
1312 1697 1388 1779 Cap.
1408 1714 1442 1778 4.

436 1783 594 1866 quaedam
617 1799 735 1863 genera
756 1780 991 1867 institutionum,
1017 1779 1057 1842 ad
1083 1780 1294 1862 eloquentiam
1309 1803 1442 1867 praepa·

374 1919 377 1928 .
435 1868 589 1945 eandam,
609 1877 644 1929 vt
658 1863 862 1947 problemata,
883 1862 1098 1946 paraphrases,
1118 1866 1329 1953 elocutioqes,
1352 1870 1442 1935 etho·

441 1952 566 2039 logias,
597 1962 689 2034 atque
707 1950 767 2012 alia
785 1949 847 2014 hoc
867 1968 994 2032 genus,
1022 1948 1202 2019 uescilicet
1217 1952 1288 2018 ficei
1305 1954 1442 2020 omuino

437 2050 478 2105 'et
499 2038 579 2103 aridi
598 2038 689 2121 pueri
708 2035 888 2100 Rhetoricis
900 2035 1114 2100 traderentur.
1159 2039 1224 2116 Qui
1246 2060 1318 2104 cum
1341 2041 1380 2104 ab
1394 2043 1443 2105 iu·

398 2158 400 2165 ·
437 2123 609 2189 eunabulis
631 2141 733 2206 prope
753 2122 887 2186 orandis
903 2119 999 2184 caufis
1020 2130 1054 2184 et
1074 2122 1281 2192 declamando
1299 2128 1444 2192 exerceri

442 2210 533 2293 saepe
553 2208 710 2283 solerent,
739 2207 814 2271 hinc
831 2203 965 2288 fastum,
999 2215 1032 2269 vt
1050 2210 1197 2273 nonnulii
1213 2212 1260 2277 tn
1280 2231 1317 2275 ea
1337 2231 1373 2274 re
1398 2213 1444 2278 is·

442 2297 535 2362 mnes
559 2293 714 2359 vocabulo
742 2301 914 2358 uterentur.
977 2293 1024 2358 lta
1056 2292 1243 2377 Calpurnius
1270 2297 1386 2381 Eclog.
1412 2316 1443 2362 1.

433 2380 628 2451 Numeriani
657 2377 791 2444 studium
822 2378 1022 2463 eloquentiae
1047 2398 1185 2463 praecox
1209 2391 1243 2446 et
1269 2394 1443 2468 praematu·

436 2487 514 2533 -rum
534 2468 732 2531 laudaturus:

434 2578 437 2591 '
528 2583 678 2648 maternis
703 2576 822 2664 calefiam
842 2582 895 2665 qui
915 2580 980 2669 lufit
999 2584 1032 2648 in
1052 2582 1141 2648 ulnis.

385 2670 395 2681 ⁸
435 2666 482 2760 ζιι]
510 2696 595 2755 'uem
616 2691 725 2755 locum
746 2686 809 2751 vid.
830 2674 1042 2759 Wernsdors¹
1052 2674 1184 2758 Excurs'
1195 2693 1221 2758 1.
1248 2662 1443 2766 'sit'Saleiua

441 2710 547 2848 Belidis
568 2776 602 2840 in
622 2772 723 2862 Curru
742 2774 781 2837 ad
802 2771 903 2864 Pisou.
924 2791 977 2859 75.
998 2777 1038 2841 de
1059 2776 1169 2842 Pisone
1187 2778 1420 2860 declamantes,

432 2927 437 2936 ·
532 2894 613 2959 sieut
630 2892 738 2956 etenim
755 2890 868 2956 estus
885 2894 978 2959 veluti
1000 2894 1141 2976 proludit
1163 2897 1196 2959 in
1215 2899 1315 2963 ermis

434 3007 440 3035 r
520 2976 843 3065 ,compostttsqussuar
861 2990 982 3046 exercet
1000 2980 1104 3045 litibus
1122 2991 1219 3047 artes.

783 3116 1109 3202 Principium.

428 3285 430 3290 .
528 3230 723 3301 Graecorum
745 3236 919 3320 spreturus,
944 3233 1064 3318 species
1087 3237 1209 3303 exordii
1215 3258 1316 3323 ,qua
1341 3239 1444 3309 statim

442 3322 596 3387 auditoris
614 3323 752 3385 animum
776 3322 869 3384 nobis
891 3321 1043 3385 idoneum
1070 3325 1230 3390 reddimus
1253 3328 1442 3392 adeudien·

443 3408 529 3470 dum.
571 3407 607 3472 Id
628 3408 670 3470 sta
690 3404 834 3485 sumitur,
860 3414 893 3467 vt
911 3416 1068 3486 attentos,
1094 3411 1235 3487 dociles,
1260 3422 1294 3475 et
1310 3411 1443 3480 beniuo-
1464 3451 1466 3458 ·

443 3492 495 3555 los
515 3494 675 3556 auditores
698 3493 812 3556 habere
833 3489 993 3576 possimus.
1056 3496 1144 3560 Haec
1162 3496 1231 3562 sunt
1256 3497 1348 3561 verbu
1366 3503 1441 3566 Au·
1530 3499 1533 3510 ’

443 3576 542 3642 cteris
562 3579 702 3644 Herenn.
725 3596 754 3652 1,
776 3592 806 3659 4.
819 3576 860 3661 sq.
874 3579 933 3641 'De
953 3577 1067 3662 eodem
1091 3595 1211 3664 genere
1228 3581 1293 3648 Cic.
1314 3585 1442 3652 Inueut.
1494 3611 1500 3620 “

313 3661 315 3666 ’
337 3721 343 3733 ,
442 3682 475 3733 r,
499 3665 673 3743 15.¹Partit.
690 3663 748 3729 Or.
768 3671 798 3741 8.
821 3674 854 3727 et
871 3664 912 3725 de
932 3664 1021 3729 Orat.
1042 3684 1072 3741 2,
1092 3674 1145 3748 78.
1165 3689 1185 3731 e
1206 3689 1270 3752 quo
1287 3670 1363 3734 loeo
1376 3671 1442 3736 hoc

443 3745 588 3814 breuiter'
630 3761 662 3813 at
696 3750 828 3832 egregie
868 3760 1070 3833 praeceptum
1106 3753 1277 3819 transserre
1312 3754 1441 3822 licebita

441 3837 580 3910 „Omne
604 3836 810 3919 principium,
841 3836 958 3918 inquit,
987 3849 1040 3900 aut
1060 3840 1107 3902 rei
1126 3841 1243 3915 totius,
1275 3860 1354 3924 quae
1373 3845 1441 3925 agi·

443 3929 511 3997 tur,
531 3919 792 4003 significationem
812 3920 926 3984 habere
947 3920 1089 3997 debebit,
1110 3936 1163 3988 aut
1180 3928 1297 3990 aditum
1316 3928 1355 3989 ad
1368 3947 1442 3992 cau·

443 4004 522 4083 sam,
546 4020 579 4070 et
599 4007 825 4079 munitionem,
851 4016 905 4068 aut
923 4009 1078 4088 quoddam
1100 4025 1320 4076 ornamentum
1340 4027 1373 4075 et
1392 4015 1441 4078 di·

441 4096 648 4174 gnitatem.“‚
678 4092 801 4157 Deinde
818 4091 880 4154 hoc
906 4111 945 4153 ex
965 4090 1040 4176 Cap.
1062 4101 1114 4170 80.
1133 4098 1203 4162 init.
1222 4097 1442 4172 „Counexum

441 4180 484 4239 lta
503 4177 539 4239 sit
555 4180 737 4262 prinopiuse
758 4174 959 4260 consequenti
979 4181 1132 4256 orationi,
1155 4194 1190 4245 vt
1208 4203 1274 4248 non
1294 4192 1442 4267 tanquam

442 4261 615 4333 citharoedi
634 4265 834 4348 prooemium
853 4257 988 4326 affittum
1017 4266 1159 4351 aliquod,
1193 4267 1244 4334 sed
1264 4268 1440 4334 cohaerens

441 4366 514 4417 cum
534 4350 623 4414 omni
640 4368 780 4436 ¹corpore
801 4347 976 4431 membrum
994 4346 1055 4420 esse
1074 4354 1223 4422 videatur.
1264 4344 1347 4424 Nam
1358 4375 1441 4420 non·

1243 4440 1440 4513 suelli
