3534 5375
705 644 1077 745 xrntnnrrto
1279 678 1412 743 ,m

390 818 616 938 separandas
639 836 693 909 ita
714 830 1049 930 dommiscuerunt,
1099 857 1139 912 vt
1168 862 1242 914 nec
1271 845 1409 929 veteris

387 955 610 1057 disciplinae
626 974 801 1033 naturam
826 978 865 1034 et
887 947 1072 1032 arnbitum
1093 959 1209 1060 plene
1234 979 1271 1032 et
1294 940 1408 1037 accu-

387 1098 473 1155 rate
498 1074 700 1170 referrent,
747 1104 822 1154 nec
851 1079 938 1155 suae
967 1085 1099 1154 aetatis
1129 1076 1296 1153 studiosis
1327 1081 1426 1165 elo«

360 1200 572 1302 'quentiae
595 1195 766 1289 facerent
790 1197 884 1274 satis.
955 1202 1094 1276 Cuncti
1117 1200 1211 1275 mihi
1230 1201 1407 1277 videntur
1502 1202 1504 1207 ’

378 1320 486 1397 'haec
509 1318 588 1393 duo
612 1317 802 1419 peccasse,
855 1327 1089 1421 vtpartirn„
1120 1321 1214 1423 quid
1245 1327 1404 1421 omnino
1489 1380 1502 1393 „

317 1536 322 1543 ⁵
385 1444 489 1519 inter
510 1437 770 1540 eloquentiam
787 1441 1022 1527 Graecorum
1042 1462 1082 1516 et
1099 1442 1330 1535 Latinorum,
1364 1461 1405 1520 et

386 1565 489 1637 inter
511 1558 675 1651 nostram
700 1561 854 1636 dicendi
878 1550 1116 1638 scribendiue
1134 1568 1320 1637 rationem
1344 1567 1403 1638 in·

386 1677 559 1773 terellet,
604 1680 685 1754 n‘on
718 1679 800 1757 satis
831 1703 1009 1758 accurate
1040 1683 1399 1785 animaduerterent,
1470 1702 1474 1713 ‘
1516 1720 1521 1729 ¹

375 1780 524 1913 ‘pantini
556 1803 638 1874 non
668 1799 750 1875 satis
778 1821 891 1876 acute
915 1786 1105 1900 viderent,
1156 1805 1400 1907 eloquentiae

385 1917 487 2015 eius,
531 1947 630 2024 quae
653 1923 755 2022 apud
779 1923 863 1998 illos
889 1943 1033 1999 veteres
1057 1950 1129 1998 vna
1157 1943 1255 2016 erat,
1295 1927 1400 2027 apud

384 2070 479 2145 nos,
499 2047 502 2051 ’
523 2043 635 2117 rebus
654 2042 830 2117 omnibus
856 2041 1062 2144 studiisque
1087 2049 1259 2138 mutatis,
1288 2047 1399 2147 plura

380 2189 528 2267 genera
549 2160 723 2253 extitisse,
776 2146 941 2267 quorum
962 2166 1261 2268 unumquodque
1277 2148 1399 2268 fingu-

380 2284 491 2379 latim
520 2282 696 2383 cognosci
719 2302 771 2358 et'
788 2289 940 2357 tractari
969 2284 1126 2376 debeat,
1168 2307 1206 2360 et
1231 2313 1398 2388 quorum

379 2426 515 2485 tamen
534 2429 580 2477 ea
599 2407 820 2482 coniunctio
837 2423 877 2478 et
901 2404 1133 2479 necessitudo
1159 2403 1219 2496 fit,
1252 2426 1301 2499 rt,
1328 2414 1397 2511 qui

380 2527 546 2601 alterum
562 2524 815 2624 neglexerint,
847 2525 1010 2599 alterum
1023 2551 1098 2604 nec
1119 2547 1224 2604 recte
1241 2528 1395 2625 docere,
1514 2580 1518 2597 .

337 2689 343 2706 ν
380 2673 458 2736 nec
479 2665 656 2738 accurate
679 2643 821 2722 discere
841 2644 993 2750 possint.

458 2886 628 2960 Primum
645 2887 748 2960 enim
772 2890 898 2960 omnis
920 2906 1090 2962 veterum
1115 2884 1335 2988 eloquentia
1352 2893 1395 2988 in
1509 2952 1516 2965 .

379 3006 615 3109 reipublicae
631 3006 869 3081 incunabulis
886 3025 992 3099 nata,
1020 3034 1107 3081 cum
1130 3008 1179 3081 ad
1195 3006 1287 3082 solas
1306 3037 1394 3093 cau·
1439 2983 1468 3065 ἱ·

379 3130 438 3207 sas
464 3128 593 3224 ciuiles
617 3127 877 3221 adhiberetur,
924 3123 1030 3204 hunc
1052 3154 1167 3202 vnum
1192 3125 1393 3204 summum·
1458 3141 1460 3148 ’

381 3275 461 3354 que
476 3248 577 3324 vsum
590 3247 742 3346 habuit,
770 3268 818 3340 vt,
852 3252 918 3349 qui
933 3249 992 3324 vel
1006 3229 1256 3324 accusandum
1272 3278 1392 3346 reum,

380 3370 444 3446 vel
469 3369 754 3445 defendendum
777 3376 960 3462 amicum,
1007 3370 1067 3445 vel
1090 3369 1313 3447 sententiam
1335 3375 1393 3450 di-

380 3491 546 3569 cendam
567 3490 617 3565 de
638 3492 751 3578 rebus
772 3491 955 3594 publicis,
994 3490 1054 3565 vel
1075 3516 1157 3567 rem
1184 3520 1280 3568 cum>
1298 3493 1397 3594 ciuiss

378 3612 453 3704 bus
470 3610 754 3688 deliberandam
765 3608 990 3715 accepisset,
1015 3615 1046 3684 is
1062 3615 1103 3685 in
1116 3609 1213 3704 forb,
1237 3620 1278 3687 in
1293 3617 1391 3706 iudi·
1429 3647 1433 3658 ’

378 3736 467 3824 οἰίε,
511 3735 553 3804 in
580 3733 831 3809 concionibus
870 3737 1044 3827 orationi
1076 3738 1226 3808 vincere
1255 3734 1391 3836 posset.

381 3856 460 3951 Qui
475 3856 587 3953 primi
602 3874 769 3930 oratores
784 3859 825 3928 in
841 3858 996 3928 ciuitate
1013 3857 1235 3947 extiterunt,
1263 3882 1391 3930 rerum

378 3974 540 4078 utilitate
582 3974 643 4048 vel
676 3973 892 4051 riecessltate
927 3974 977 4047 ad
1011 3972 1218 4048 dicendum
1250 3976 1389 4074 adacti,

374 4085 537 4196 ingenio
552 4091 636 4191 suo,
671 4095 943 4198 etprudentia,
972 4110 1011 4167 et
1026 4112 1184 4169 naturae
1206 4094 1387 4198 obsequio

375 4213 726 4316 consequebantur,
786 4237 825 4290 vt
864 4235 968 4289 recte
1006 4234 1045 4287 et
1080 4235 1169 4316 apte
1204 4216 1386 4293 dicerent.

371 4336 514 4412 Postea
528 4342 676 4425 notatio
693 4358 733 4416 et
749 4336 961 4422 obseruatio
977 4360 1131 4433 eoum,
1167 4364 1270 4442 quae
1288 4340 1389 4414 benc

907 4453 934 4531 b
1037 4514 1040 4519 -
1338 4459 1386 4531 ab
