3534 5375
436 597 500 671 324
834 581 875 648 ·R
917 577 1017 655 uc

351 769 354 773 ’
517 751 614 837 Aput
638 750 772 830 Quintil.
799 755 831 827 8,
853 766 884 832 4·
913 765 961 832 ις.
989 748 1194 834 amplificatio
1222 765 1280 832 per
1308 745 1438 811 ratari-

434 842 586 911 nationem
618 835 689 902 ¹lieri
717 837 847 910 dicitnr,
870 857 942 901 cum
964 837 1006 898 ad*
1032 837 1080 912 id,
1110 838 1195 918 quod
1216 829 1327 896 extolli
1349 832 1441 896 volu-

436 947 524 1002 mus,
544 925 668 988 ratione
690 923 833 997 ducitur3
858 922 947 1005 quod:
961 921 1016 996 fit,
1050 922 1072 985 fi
1092 942 1132 984 ex
1153 921 1217 985 alio
1239 919 1323 999 aliud
1347 919 1442 981 colli·

437 1015 533 1101 gitur.
577 1009 632 1075 sic
658 1027 698 1070 ex
724 1005 947 1092 insequentibus.
964 1007 1041 1071 haec
1072 1005 1274 1090 amplificatio
1302 1005 1446 1076 ducitur,

352 1124 356 1133 “
439 1118 512 1162 cum
531 1115 571 1157 ex
599 1090 724 1159 ratione
747 1106 881 1157 euentus
909 1095 1157 1176 magnitudinem
1184 1089 1445 1173 praecedentium

440 1174 640 1264 colligimus:
668 1181 747 1253 item
769 1200 808 1242 ex
829 1179 1067 1244 antecedentibus
1095 1177 1345 1261 magnitudinem
1363 1174 1448 1238 intes

305 1320 308 1329 .
348 1331 360 1350 .
439 1268 602 1352 quentium
631 1265 869 1333 ratiocinamur:
886 1285 999 1347 ¹neque
1023 1265 1083 1327 alia
1112 1267 1194 1327 ratio
1216 1262 1378 1337 eliseum
1401 1279 1449 1324 ete

440 1437 605 1504 redundat.
646 1436 718 1508 Huc
737 1446 769 1497 et
788 1457 829 1517 pe
871 1444 926 1501 net
947 1435 1200 1517 amplificationis
1220 1453 1324 1517 genua
1342 1452 1383 1496 ex
1397 1453 1447 1496 ra·

377 1552 379 1559 ·
443 1524 556 1589 latione
575 1519 768 1604 udaliquid,
790 1540 831 1603 qu
855 1522 875 1582 d
897 1541 962 1585 non
983 1521 1120 1585 cinerei
1141 1521 1241 1605 gratia
1259 1516 1378 1583 distum
1399 1520 1446 1582 oi-

444 1601 553 1695 detur.
589 1607 735 1688 Denique
755 1627 795 1669 en
815 1608 1012 1694 instrumento
1031 1626 1154 1690 quoque
1175 1607 1309 1669 heroum
1326 1612 1447 1688 poetae
1473 1609 1476 1617 '

441 1351 571 1435 alterins
590 1350 955 1584 commendetiopqlane
985 1352 1085 1413 maior
1107 1351 1140 1412 in
1162 1350 1253 1431 aliern
1275 1345 1449 1430 personant

328 1727 330 1736 ·
390 1725 392 1729 ·
445 1692 592 1777 inprimis
632 1691 763 1756 illorum
805 1693 1056 1775 magnitudinem
1093 1692 1318 1757 aestimandam.
1349 1691 1448 1754 nobie

446 1779 614 1864 praebent,
634 1777 734 1861 qualis
753 1774 797 1841 est
817 1777 949 1860 clypeus
971 1778 1079 1844 Aiacis
1104 1781 1186 1860 apud
1205 1779 1384 1843 Homerum
1407 1776 1447 1841 ll.

447 1888 478 1947 η,
501 1879 573 1947 219.
601 1869 635 1924 et
658 1862 740 1938 haita
762 1863 899 1928 Achillis
927 1865 1001 1928 ibid.
1023 1887 1057 1938 π,
1085 1882 1155 1942 140.
1175 1883 1239 1947 quo
1258 1874 1290 1927 et
1308 1865 1450 1944 pertinet

448 1951 540 2015 locus
567 1947 731 2013 Ciceronis
757 1949 893 2030 Philipp.
915 1966 945 2021 2,
970 1966 1021 2028 27.
1050 1950 1101 2013 vbi
1133 1951 1268 2015 Antonii
1291 1950 1477 2015 luxuriam*

449 2056 492 2100 eo
512 2035 586 2117 plus
606 2043 792 2116 exaggeret,
813 2035 898 2115 quod
921 2037 954 2098 in
973 2035 1064 2100 cellia
1084 2034 1244 2103 seruorum
1268 2036 1451 2120 conchylia.-

449 2131 483 2185 tu
503 2118 716 2204 peristromata
739 2120 831 2184 uobis
853 2119 999 2185 ostendit.
1444 2165 1452 2173 -

519 2207 680 2289 -Denique
703 2208 963 2277 ratiocinationem
993 2204 1088 2274 Aust.
1115 2207 1257 2272 Herenn.
1283 2220 1315 2283 4,
1343 2201 1391 2268 16.
1415 2199 1466 2268 fi..

454 2312 565 2376 goram
586 2310 711 2375 quoque
731 2291 917 2367 uerborum,
938 2291 992 2355 seu
1018 2294 1275 2367 exornationem,
1302 2291 1453 2374 appellat,
1529 2282 1537 2299 ⁶

452 2394 512 2462 per
533 2397 623 2461 quam
644 2376 699 2461 ipfi
715 2397 739 2449 n
759 2376 852 2441 nobis
872 2379 1028 2441 rationem
1050 2376 1223 2459 poscimus,
1245 2396 1339 2460 quare
1363 2377 1454 2461 quid·

454 2485 515 2550 qne
536 2464 687 2537 dicamus,
710 2470 742 2525 et
760 2463 872 2527 erebro
893 2475 1020 2527 nosmet
1039 2464 1057 2527 ir
1077 2463 1169 2527 nobie
1191 2464 1326 2546 petimus
1346 2464 1457 2526 vaine-

455 2550 606 2633 puiusque
634 2547 859 2631 propofitionis
885 2552 1148 2632 explanationem.
1212 2550 1313 2626 Haec,
1340 2549 1456 2631 inquit,

372 2667 375 2677 =
455 2637 495 2699 ad
516 2632 692 2697 sermonem
714 2633 916 2700 vehementer
936 2639 1172 2702 accommodata
1186 2633 1238 2709 est,
1263 2643 1296 2698 et
1314 2636 1458 2718 animum

403 2736 405 2739 ’
457 2720 612 2790 auditoris
641 2721 757 2784 retinet
783 2731 953 2797 attentum,
994 2733 1061 2786 tum
1095 2720 1253 2785 venustate
1286 2720 1457 2797 sermonis,

438 2814 524 2875 rum
542 2806 702 2888 rationum
720 2802 949 2889 expettattone.
1013 2810 1105 2874 Hane
1128 2808 1264 2872 formam
1281 2804 1458 2898 summifflt’·

457 2912 525 2959 nem
544 2900 638 2980 uocat
661 2892 782 2976 Georg.
805 2893 943 2992 Trapez.
964 2894 1031 2961 Lib.
1054 2885 1201 2975 3..lihet..
1220 2914 1252 2976 p.
1276 2898 1328 2970 28.

554 3045 556 3050 ’
643 3041 952 3111 Rationalis.
993 3044 1273 3135 vidQuaeflio.
1324 3108 1330 3116 ,
1404 3114 1408 3124 ,
1456 3057 1461 3068 ’

699 3228 701 3239 ,
798 3180 1111 3280 ‘Reciprocari
1287 3137 1292 3144 Ι
1435 3281 1437 3285 Ι

545 3295 667 3365 Gellius
688 3296 728 3364 N.
752 3298 793 3363 A.
817 3314 847 3378 5,
864 3298 916 3363 lo.
947 3302 1041 3384 tradit
1059 3300 1168 3367 vitiosa
1190 3288 1375 3387 argumente
1394 3301 1462 3381 illa,

321 3391 324 3397 “
378 3426 380 3432 ,
460 3401 539 3467 quae
562 3384 676 3449 Graeci
694 3376 940 3465 ἐπιστρέφοντα
960 3387 1113 3459 dixerint,
1135 3385 1292 3480 Rhetores'
1305 3391 1461 3473 quosdam

459 3469 591 3533 Latinos
613 3489 680 3533 non
701 3465 829 3534 abstirde
846 3476 1000 3551 reciproca
1020 3474 1194 3556 appellare:
1223 3478 1333 3539 vitium
1353 3486 1462 3539 antem

311 3626 328 3657 l
369 3596 372 3604 ι
460 3553 538 3617 illud
559 3557 593 3619 in
615 3574 656 3617 eo
686 3553 791 3629 cerni,
831 3558 916 3637 quod
944 3569 1170 3640 argumentum,
1189 3562 1382 3645 propolitum
1409 3581 1462 3623 re·

337 3649 341 3658 '
460 3638 539 3703 ferri
560 3648 686 3714 contra,
706 3642 912 3723 conuertique
932 3642 965 3704 in
988 3664 1060 3709 eum
1079 3644 1188 3728 potiit,
1214 3639 1235 3710 a'
1257 3667 1321 3732 quo
1341 3646 1464 3731 ditium

462 3722 517 3802 fit,
542 3733 574 3788 et
593 3735 757 3807 vtrumque
778 3729 894 3807 pariter
912 3728 1021 3794 valeat.
1086 3731 1158 3797 Tali
1177 3737 1365 3816 argumento
1386 3736 1462 3797 Pro·

462 3819 607 3894 tagoram
624 3809 787 3886 aduersum
808 3812 977 3877 Euathlum
996 3816 1179 3900 discipulum
1194 3819 1279 3882 sunm
1301 3818 1386 3882 vium
1400 3815 1464 3896 eil'e'

462 3903 577 3961 narrat.
641 3897 759 3971 Eadem
779 3899 979 3967 narratioest
1006 3906 1087 3985 apud
1107 3904 1232 3987 Apulei.
1251 3904 1370 3971 Florid.
1394 3904 1464 3970 Lib.
1514 3973 1516 3978 ,

468 3998 495 4051 u
518 4001 549 4065 p.
578 4003 619 4047 m.
642 3998 714 4067 292.
740 3982 791 4047 vbi
817 3985 880 4049 hoc
905 3997 1124 4068 argumentum
1153 4010 1279 4073 anceps.
1306 4001 1338 4054 et
1362 3990 1464 4073 biceps

468 4068 646 4145 appellatur.
687 4070 753 4134 lam
772 4090 848 4133 vero
862 4070 985 4137 Auitor
1008 4072 1186 4159 Prolegom.
1204 4078 1238 4139 in
1254 4076 1361 4142 Schol.
1380 4078 1465 4140 Her·

468 4156 613 4230 mogenis
635 4153 712 4233 (vid.
734 4153 842 4220 Reisk.¹
869 4158 970 4221 Oratt.
999 4156 1108 4223 Graec.
1130 4162 1203 4226 Vol.
1230 4161 1466 4247 Vlll.‘,p.,197.)

472 4236 578 4334 godet·
608 4239 769 4325 exemplo,
780 4244 891 4317 vtitur,
937 4252 971 4307 vt
1007 4239 1178 4327 driusandan
1215 4248 1278 4310 vim
1314 4249 1465 4333 explicet,

472 4319 611 4402 idemque
641 4327 862 4410 argumentum
886 4349 905 4394 a
930 4328 1022 4412 Tifia
1037 4333 1322 4414 contrar‘Coraeem
1342 4334 1466 4405 adhibi·

880 4437 888 4444 ‘
1312 4449 1318 4461 ‘
1397 4428 1469 4489 tum
