3534 5375
694 540 1116 692 'nen‘
1311 555 1542 673 am,

325 784 329 792 ,
377 771 480 835 gons,
505 747 673 818 ,venustum
694 759 738 830 et
759 750 905 837 pulcrum
922 750 964 830 iu
994 746 1172 838 eloquentia
1200 753 1378 837 ceterisque
1456 835 1459 838 .

380 839 497 902 artibus
514 839 609 902 ferre
636 837 688 902 vel
715 837 849 921 probare
875 832 996 919 potest,
1032 844 1065 897 et
1086 832 1140 898 ilia
1160 840 1284 917 omnia,
1316 839 1380 904 rbi·

375 927 506 1008 'cunque
526 922 706 1005 fint,faei1e
719 923 807 987 videt
825 923 994 1003 animoque
1008 920 1160 1002 percipit:
1170 919 1279 1002 ftims,
1300 921 1381 991 riclrr

376 1012 479 1093 liges,
500 1018 608 1073 narres
628 1002 742 1094 (insiliri
763 1007 815 1073 des
833 1005 968 1072 Sclrdnm
988 1005 1053 1070 und
1076 1002 1227 1083 Wahrm,
1256 1010 1382 1074 mrbmr·
1489 1008 1496 1017 '

376 1096 440 1160 'dm
458 1094 515 1158 mii
534 1094 601 1158 dem
614 1093 742 1182 feinsten
764 1089 957 1176 Grscimam
976 1111 1017 1155 nn
1037 1088 1203 1181 demsrldm.
1233 1093 1295 1179 uid.
1315 1093 1381 1160 Cic.

383 1179 472 1243 Orat.
499 1183 530 1254 8.
557 1179 609 1242 rbi
631 1179 712 1242 hanc
737 1179 922 1245 Atticorum
948 1178 1123 1258 religionem
1143 1190 1381 1261 commemorat,

383 1272 418 1332 et
436 1283 512 1330 mox
531 1265 706 1363 eorundem
722 1283 818 1355 'aures
840 1272 949 1329 teretes
975 1258 1184 1347 rereligiosas
1204 1261 1319 1330 laudat.
1344 1264 1347 1271 '

763 1398 995 1468 Remedio.
1117 1466 1121 1476 ,

469 1514 687 1608 Quintiliano,
716 1517 922 1585 'Graecorum
949 1499 1100 1625 loquendi
1129 1506 1387 1590 consuetudinem

385 1603 511 1686 secuto,
533 1611 587 1693 qui
610 1609 644 1669 in
665 1607 775 1669 eadem
803 1625 838 1668 re
870 1603 1057 1686 θεραπειαν,
1087 1600 1277 1680 ’μειλίγματα
1302 1607 1388 1670 dixe-

384 1704 463 1764 runt,
479 1695 558 1775 (uid.
580 1694 657 1758 Lex.
676 1710 726 1774 gr.
750 1687 870 1767 techn.)
895 1690 1029 1754 remedia
1057 1688 1302 1754 vocanturiilue
1321 1691 1387 1755 for-

385 1781 489 1846 mulae
516 1778 658 1853 dicendi,
687 1775 818 1861 quibus,
849 1771 872 1838 sn
898 1775 972 1856 quid
1003 1773 1149 1837 audacius
1175 1785 1208 1838 et
1232 1778 1390 1858 periculo·

386 1862 446 1930 lius
469 1864 622 1938 diximuS,
642 1863 729 1926 velut
751 1857 937 1924 emolliendi
954 1852 1072 1942 gratia,
1092 1860 1225 1939 utimur,
1253 1881 1283 1924 v.
1304 1881 1332 1925 c.
1350 1872 1389 1947 ⁴m

388 1951 435 2014 ita
456 1951 576 2028 dicam,
588 1950 619 2037 fi
635 1949 732 2014 dicere
750 1947 817 2014 licet
836 1953 898 2015 etc.
920 1945 984 2008 vid.
1011 1965 1088 2028 quae
1107 1947 1245 2010 diximus
1263 1946 1300 2009 ad
1318 1967 1390 2013 voc.

388 2028 652 2117 προετικλῆτταν.
695 2033 768 2096 Hoc
795 2030 869 2097 Cur.
898 2031 1063 2096 Fortunat.
1095 2029 1187 2096 Rhet.
1215 2053 1247 2114 p.
1268 2045 1320 2113 72.
1343 2035 1391 2098 di.

391 2123 456 2196 cit,
475 2121 600 2185 verdum
617 2137 765 2201 praeceps
782 2118 884 2200 aliquo
906 2115 1115 2180 verecundiori
1134 2116 1314 2182 adminimlo
1325 2115 1393 2197 sui·
1436 2164 1440 2173 ·

390 2204 749 2281 circumponentem.
791 2204 899 2285 Itaque
925 2201 1056 2264 similem
1082 2199 1217 2282 figuram
1237 2202 1392 2268 elocutio·
1463 2192 1493 2231 ³¹

393 2291 463 2368 nis,
496 2289 681 2376 quaeillrm
702 2286 798 2370 ipsam
820 2287 1005 2350 emolliendi
1030 2285 1093 2347 vim
1113 2284 1239 2360 habeat,
1277 2286 1393 2355 Cicero
1516 2338 1527 2355 ,

392 2376 450 2442 Or.
476 2392 528 2459 53.
549 2372 738 2450 vnorerbo,
759 2371 926 2447 medeatur,
944 2367 1124 2454 fignificaffe
1138 2371 1278 2434 videtur:
1301 2392 1394 2455 quum
1481 2352 1485 2414 Ῑ

387 2459 529 2546 formam
551 2458 711 2531 ⁴nonnulli
744 2450 982 2541 dridepor‘neurm
1011 2464 1175 2520 vocarunt.
1239 2459 1394 2533 Quamuis
1502 2478 1508 2485 '

390 2545 453 2631 huo
474 2546 575 2628 ,etiam
601 2542 714 2608 referri
743 2541 885 2628 poliunt,
923 2562 999 2626 quas
1020 2531 1250 2624 roodeporeiuv
1268 2541 1393 2622 Graeci,

390 2631 494 2704 Latini
515 2631 706 2719 apologiam,
724 2630 777 2699 vel
794 2630 1010 2720 purgationem
1029 2626 1238 2714 appellauere.
1259 2627 1301 2715 cd
1314 2649 1395 2717 quae

306 2791 312 2802 ¹
393 2719 433 2782 ad
451 2738 521 2786 voc.
539 2713 631 2816 Color
648 2717 817 2803 diximus..

705 2931 710 2942 .
779 2855 1006 2922 Remotio.

480 2968 617 3039 Remotio
637 2972 775 3038 criminis
797 2974 830 3035 in
850 2971 937 3035 caula
957 2968 1121 3033 iuridiciali
1146 2971 1261 3035 modun
1283 2970 1325 3037 est
1345 2975 1397 3039 de.

395 3056 566 3135 fendendi,
586 3077 651 3142 quo
670 3076 739 3121 non
765 3058 885 3120 crimen
906 3078 925 3118 e
943 3056 1053 3128 nobis,
1081 3054 1133 3118 sed
1154 3051 1281 3138 'culpam
1301 3049 1398 3139 ipsam

396 3162 600 3220 annuemus,
634 3152 668 3207 et
697 3141 749 3206 vel
775 3143 810 3206 in
836 3142 999 3205 hominem
1022 3138 1254 3216 transferimus,
1293 3145 1343 3206 rel
1363 3146 1398 3215 in

398 3249 468 3294 rem
487 3231 666 3313 quampiam
687 3223 894 3293 conferimue.
939 3226 992 3289 Sic
1015 3223 1127 3289 definit
1142 3224 1236 3294 Aust.
1258 3229 1398 3293 Hereurr.
1517 3239 1520 3245 '

397 3334 429 3394 J,
456 3330 504 3397 15.
525 3313 567 3380 cf.
585 3315 662 3380 Lex.
681 3334 729 3399 gr.
752 3314 857 3377 techn.
876 3311 910 3375 in
923 3302 1104 3389 meridiem.
1147 3310 1262 3377 Cicero
1275 3314 1398 3394 Inuent,

401 3419 434 3481 1,
458 3420 507 3466 rr.
541 3402 695 3475 „remotio
718 3400 860 3463 criminis
882 3396 942 3471 est,
977 3398 1097 3479 inquit,
1124 3413 1196 3461 cum
1215 3397 1247 3461 id
1268 3400 1399 3477 crimen,

398 3490 485 3572 quod
503 3485 655 3561 infertur,
674 3485 712 3549 ab
735 3483 766 3549 se
788 3493 820 3549 et
840 3506 858 3549 a
876 3482 967 3566 culpa
985 3480 1053 3556 sua,
1069 3480 1102 3543 vi
1121 3489 1155 3546 et
1173 3482 1344 3566 potestate,
1361 3485 1400 3565 in

399 3574 497 3640 alium
522 3592 595 3644 reue
619 3590 787 3637 remouere
816 3576 959 3635 conatur.
987 3566 1029 3631 cf.
1050 3565 1119 3633 bib.
1144 3584 1175 3642 2,
1196 3582 1249 3651 29.
1269 3579 1302 3632 et
1319 3569 1400 3672 seqq.

381 3659 455 3723 'vbi
473 3678 513 3723 ex
533 3658 675 3733 instituto
693 3658 737 3721 'de
756 3677 794 3721 ea
814 3676 849 3719 re
876 3650 1045 3720 disseritur.
1090 3653 1305 3729 Quintilianus
1330 3656 1400 3723 Lrb.

343 3777 346 3783 ·
401 3759 488 3844 734.
510 3743 694 3820 „interdum
712 3742 774 3817 nit,
797 3740 890 3824 culpa
912 3739 1134 3810 deductorio
1152 3759 1237 3804 rem:
1264 3739 1327 3803 hoc
1346 3763 1401 3821 με·
1443 3748 1451 3768 “

403 3847 553 3893 recreem
571 3826 716 3892 dicunt.“
737 3825 859 3912 ¹sulpic.
880 3823 963 3892 Vist.
977 3824 1056 3889 inst.
1078 3823 1170 3888 Rhec
1191 3845 1220 3908 p.
1242 3822 1314 3907 267.
1335 3847 1403 3907 „rm
1523 3825 1527 3832 ’

403 3917 497 3979 motio
527 3909 587 3987 est,
618 3911 691 3976 cu'm
717 3930 792 3976 reue
811 3919 958 3996 remouet
985 3929 1003 3972 a
1023 3908 1053 3972 se
1069 3908 1194 3993 culpem
1214 3911 1247 3974 in
1270 3912 1405 3995 aliquan

402 3995 630 4073 neceffitatem,
652 3999 702 4061 vel
722 3999 756 4061 in
775 3997 907 4061 alicuius
928 3992 1131 4078 imperium.‘⁸
1420 4020 1428 4036 .
1462 4013 1470 4019 ·
1516 4015 1519 4023 ·

489 4081 598 4152 Aliam
622 4084 687 4147 vim
709 4082 819 4159 habet,
851 4083 936 4167 quod
960 4078 1094 4160 Quintil.
1122 4095 1153 4161 5,
1176 4096 1224 4144 ro.
1246 4077 1297 4145 66.
1317 4102 1403 4162 com·

404 4179 560 4234 memoret
577 4178 835 4251 argumentorum
862 4186 965 4252 genus
987 4184 1027 4229 ex
1053 4167 1228 4243 rcrnoiiom,
1257 4185 1317 4250 qun
1335 4189 1404 4234 mo·

406 4256 451 4319 do
470 4255 605 4320 efficitur
622 4251 725 4321 t'otum
750 4251 878 4327 falsum,
905 4253 1004 4316 modo
1028 4251 1081 4326 id,
1106 4252 1191 4334 quod
1211 4251 1405 4337 relinquitur,

381 4408 384 4413 ,
404 4339 692 4440 rerum-‘Totum
711 4340 820 4409 falsum
840 4338 884 4418 eli
902 4336 966 4406 hoc
986 4336 1101 4404 modo:
1131 4335 1417 4409 mencionem.

946 4422 1018 4505 X5
1339 4417 1407 4511 ruffo
