3534 5375
557 641 565 669 f
815 578 1052 699 rjai·
1191 544 1402 726 57³9?
1507 628 1509 633 -

401 775 471 836 ret·
528 764 594 835 Sed
609 770 656 830 'aa‘
672 764 715 830 est
735 764 949 831 membrorum
969 765 1069 829 totius
1096 762 1170 832 ioci
1190 763 1418 844 concinnitae'r·

402 865 454 927 vt,
485 870 578 937 quem
600 854 690 918 antea
711 851 872 927 Martiam
893 846 1002 938 sqnum
1022 853 1159 927 dixerat,
1179 846 1315 923 eundem
1328 852 1404 930 mor

400 942 584 1025 praecipere
605 941 765 1017 videatur,
785 938 984 1025 torquendum
1007 933 1084 1012 effe,
1105 937 1137 1002 b.
1154 960 1183 1002 e.
1204 957 1277 1004 cuni
1297 942 1404 1027 aliquo

403 1029 524 1109 impetu
546 1035 579 1089 et
600 1024 733 1089 laterum
754 1025 872 1113 viribus
903 1023 1145 1103 inclinandum„
1157 1023 1403 1117 'iiifleiieudum

402 1111 641 1177 immutandum.
1214 1196 1215 1199 Ἴ

788 1245 974 1317 Turrem
987 1267 1016 1313 s.
1334 1246 1339 1255 '

491 1365 624 1432 Terrena
654 1365 771 1432 dicendi
799 1367 884 1451 ratio
919 1364 989 1440 est,
1015 1382 1094 1448 quae
1128 1375 1330 1469 perpetuam,
1369 1380 1409 1451 et-

403 1472 560 1536 nunquam
580 1449 779 1516 intermissam
803 1451 1051 1516 concitationem
1073 1458 1105 1514 et
1126 1465 1279 1538 impetum
1300 1456 1429 1524 habet.‘

403 1538 458 1604 Sic
479 1539 615 1616 Quintil.-
640 1553 669 1615 3,
691 1543 719 1614 8.
741 1535 793 1610 60.
816 1537 885 1607 vbi,
907 1537 1066 1622 postquam
1089 1539 1123 1599 in
1143 1538 1238 1604 caufiu
1261 1541 1404 1610 suasoriis
1460 1554 1463 1562 “

401 1625 453 1688 vel
470 1624 698 1691 consultatione
717 1625 810 1687 initio
825 1620 946 1684 furioso
967 1622 1202 1689 exclamandum
1217 1625 1276 1690 effe
1296 1628 1404 1714 negas·

402 1708 463 1783 set,
487 1712 529 1772 ita
551 1710 671 1795 pergit:
692 1708 775 1787 „Cur
797 1718 901 1782 autem
921 1716 1059 1782 torreas,
1089 1716 1123 1771 et
1148 1709 1254 1796 ubique
1274 1718 1404 1801 aequati.
1490 1772 1495 1785 .
1522 1748 1525 1753 ¹

401 1805 451 1860 tar
468 1795 665 1861 cantitarent
678 1795 711 1858 in
730 1816 766 1858 ea
788 1795 922 1859 dicentia
940 1796 1056 1868 oratio,
1076 1811 1149 1858 cuin
1164 1797 1213 1874 vel
1237 1802 1406 1885 praecipue
1494 1840 1496 1847 =

402 1881 656 1947 moderationem
676 1882 895 1963 rationemque
915 1878 1044 1944 confilia·
1062 1876 1291 1950 defidereot?“
1324 1887 1404 1955 Μόκ

353 1973 355 1975 ’
392 1964 498 2032 eiiam
519 1965 661 2050 impetam
680 1967 795 2032 dicendi
811 1974 1058 2045 commemorat,
1078 1965 1319 2048 tumultuosum,
1339 1984 1413 2039 tur·¹
1435 2000 1458 2034 s

402 2052 531 2118 bidom:
550 2073 628 2136 quae
650 2056 763 2115 omnia·
777 2054 814 2132 ad
835 2053 967 2138 eandem
987 2052 1202 2137 metaphoram
1222 2054 1405 2128 seruandam
1467 2134 1469 2139 ,

403 2141 574 2223 pertinent.
593 2139 634 2202 cf.
657 2136 796 2212 Libera,
823 2137 943 2202 10361.
965 2137 1016 2201 vbi
1038 2140 1145 2218 grauis
1175 2150 1207 2204 et
1231 2143 1404 2211 vehemens

376 2263 384 2289 l
404 2236 518 2290 orator·
532 2223 733 2297 describitur,
763 2222 913 2309 quistrxa
932 2223 1089 2297 deuotam,
1122 2234 1153 2288 et
1172 2227 1264 2309 ripas
1274 2228 1337 2317 fibi
1354 2228 1405 2302 r'a.

405 2315 484 2385 ciat,
505 2310 618 2377 mattas
635 2321 664 2374 et
684 2318 822 2381 torrens,
841 2309 969 2374 iadicem
989 2312 1038 2383 oei
1053 2311 1192 2375 nitentem
1218 2325 1342 2394 contra,
1354 2314 1404 2399 fa,-

404 2409 476 2472 rut,
498 2410 644 2481 cogatque
664 2398 728 2467 ire,
744 2413 806 2479 qua
828 2397 925 2478 rapit.
988 2394 1042 2461 Sic
1060 2405 1093 2460 et
1109 2398 1255 2479 Macrob.
1274 2391 1421 2470 Satorm'

403 2503 436 2567 ς,
465 2503 489 2546 r.
510 2481 855 2559 Ciceroni'abundans‚
877 2490 1015 2557 torrear,
1036 2479 1182 2562 copiosus
1205 2485 1406 2570 eloquentiae
1428 2514 1435 2525 ⁴

404 2579 499 2634 tenor
519 2569 681 2644 tribuitur,
702 2568 849 2649 idemque
876 2587 964 2630 mox·
980 2568 1093 2631 dicitur
1115 2560 1214 2652 fluere
1239 2583 1273 2634 et
1297 2575 1405 2640 reduit·
1487 2650 1489 2656 .

405 2657 491 2723 dare.
535 2654 1406 2742 Capiteautem13.torrentisorationisfhaituscom·
1451 2678 1454 2691 ·

405 2756 614 2815 memoratur,
640 2752 674 2801 vt
691 2742 773 2821 apud
793 2736 912 2804 Aeson.
936 2738 1060 2804 Profeff.
1090 2762 1114 2813 r,
1139 2757 1187 2823 17.
1216 2752 1340 2809 torrens
1358 2747 1404 2812 di·

406 2829 489 2894 cendi
508 2828 604 2907 copia.
633 2825 674 2887 cf.
704 2826 757 2887 ⁸21.
776 2841 828 2886 ao.
855 2826 1004 2905 Legenda
1025 2826 1168 2908 inprimis
1192 2830 1236 2892 est
1257 2829 1350 2911 plena
1369 2831 1405 2898 st·
1502 2838 1504 2843 '

405 2912 530 2975 milium
555 2910 807 2989 metaphorarum
833 2908 1129 2988 epistolasSenecae
1148 2927 1200 2989 4ο.
1230 2911 1309 2991 vbi,'
1332 2936 1409 2983 cum·

406 2997 545 3078 rapidam
571 2993 796 3057 nonnullorum
824 2981 948 3056 dicdndi
978 2993 1224 3074 volubilitatem,
1249 3000 1404 3081 immede*-
1487 3059 1502 3071 ,,

404 3092 567 3163 ratumque
591 3081 745 3161 impetum
763 3076 1023 3159 reprehenditur,
1042 3082 1198 3145 orationis
1213 3086 1282 3169 vinix
1294 3085 1337 3148 ita
1351 3088 1404 3158 de.

405 3168 493 3233 finit:
514 3165 624 3229 habeat
641 3184 769 3247 magnas
790 3163 892 3238 vires,
914 3165 1090 3228 moderatas
1115 3176 1239 3232 tamen:
1264 3175 1406 3251 parennis

399 3256 445 3343 fit
472 3254 570 3322 vado,
602 3272 661 3315 non
688 3259 819 3314 torrens.
854 3305 856 3312 ,
882 3250 948 3313 Iam
969 3249 1133 3317 obscurum
1154 3272 1219 3317 non
1242 3258 1319 3330 erit,
1339 3276 1405 3340 quo

406 3338 493 3405 senso
514 3347 635 3402 torrear
654 3334 756 3400 liaeus
775 3336 918 3400 quenali
939 3335 1041 3422 Satyr.
1065 3354 1094 3417 3,
1114 3356 1167 3423 74.
1190 3350 1223 3403 et
1242 3340 1405 3409 Homerus

355 3432 357 3438 ’
407 3424 544 3495 Sidonio
562 3421 706 3505 Apollin.
724 3421 827 3488 Carm.
847 3434 899 3501 23.
926 3421 1091 3488 dittus‘fit.

634 3558 902 3628 Tratiatio.
950 3560 1190 3631 Troiiam.
1242 3624 1245 3627 ,

494 3670 607 3747 Cicero
637 3681 678 3743 de
704 3681 801 3745 Orat..
823 3697 850 3757 r,
873 3673 924 3743 υἱ
955 3678 1010 3744 fin.
1038 3683 1195 3747 orationis
1226 3681 1407 3751 tertiariam·
1482 3703 1485 3712 “

409 3767 522 3841 diserte
542 3767 605 3831 hoc
627 3766 749 3841 tribuit,
772 3775 806 3842 vt
825 3765 930 3831 oratio
952 3767 1076 3846 grauis,
1105 3777 1234 3847 ornata,
1253 3781 1286 3832 et
1304 3769 1406 3835 homi.
1515 3803 1519 3813 ι

362 3849 485 3920 Ὕ-ιιιυη
507 3851 639 3916 sensibus
664 3851 883 3932 mentibusque
907 3853 1142 3918 accommodata
1167 3854 1222 3917 fiat
1244 3852 1346 3920 studio
1372 3864 1405 3923 et
1501 3861 1510 3881 ⁸

407 3938 542 4004 artificio
565 3939 712 4001 oratoris.
755 3937 844 4001 Haec
864 3938 949 4000 enim
968 3939 1095 4021 propria
1114 3938 1182 4001 iere
1204 3938 1247 4002 est
1266 3944 1405 4006 oratorie

408 4024 569 4101 naratio,
589 4042 660 4088 cum
679 4021 715 4086 sit
735 4039 904 4086 commune
924 4024 1048 4098 multis,
1067 4032 1108 4089 vt
1132 4024 1173 4088 de
1196 4024 1289 4088 variis
1309 4025 1404 4093 rebar
1439 4077 1444 4088 .
1520 4094 1530 4116 ,

407 4113 529 4195 vulgari
550 4112 649 4173 modo
668 4118 701 4176 et
713 4110 837 4172 exiliter
855 4109 985 4172 dicatur.
1026 4112 1063 4175 ln
1082 4129 1200 4193 genere
1218 4117 1321 4173 autem
1335 4120 1406 4179 tra·
1422 4141 1437 4153 ·’

408 4194 499 4261 uarro
526 4198 566 4261 de
592 4197 682 4259 omni
706 4194 911 4259 inuentorum
935 4203 968 4257 et
993 4198 1245 4279 excogitatorum
1263 4206 1334 4278 apta
1354 4218 1407 4277 err·

409 4282 564 4368 poiitione
583 4282 715 4354 dicitur,
737 4301 829 4366 quam
846 4275 989 4361 irruatur
1003 4279 1116 4346 Graeci
1134 4287 1306 4365 vocaruptr
1326 4280 1406 4349 Ver·
1500 4336 1502 4345 .

382 4365 384 4370 ’
409 4367 588 4451 arbeitung,
607 4362 831 4451 Aualitbramg,
855 4362 1057 4453 &iaaduag
1081 4367 1136 4432 tier
1161 4362 1296 4455 Stfflr,
1323 4365 1406 4521 Abra:

413 4509 417 4522 ,
1307 4472 1348 4519 ur
1445 4471 1448 4475 “
1493 4510 1496 4516 .
