3534 5375
431 606 497 688 ³ae
817 593 871 665 fs
914 526 1015 667 vu
1126 552 1129 563 ’

427 771 461 856 S.
488 771 552 851 ιι.)
572 765 790 854 confugerint,
809 762 901 833 cuins
922 736 1138 853 disputetione
1159 767 1240 834 nihi
1261 756 1451 844 inconditi-l

429 860 494 928 tius
518 855 580 934 est,
604 857 685 921 nihil
714 852 887 955 indoiiius.
1019 874 1024 880 ·
1122 888 1127 895 .
1154 864 1157 871 ·

837 992 1034 1065 Succus.

518 1116 622 1192 Quum
643 1110 707 1173 vim
724 1105 833 1211 fuscus
848 1111 969 1184 habeat,
989 1108 1011 1174 li
1034 1111 1076 1175 de
1096 1109 1216 1174 virtute
1235 1109 1376 1174 oratoris
1396 1110 1447 1186 di:
1508 1124 1513 1139 ·

432 1199 532 1274 citur,
554 1203 641 1281 patet
662 1217 681 1258 e
702 1195 866 1260 Ciceronis
888 1198 929 1260 de
950 1194 1044 1263 Orat:
1059 1210 1091 1271 a,
1115 1210 1167 1259 ua.
1187 1196 1257 1268 vbi,
1288 1214 1366 1258 enm
1385 1195 1448 1262 Pel

434 1287 548 1350 riclem
570 1286 602 1347 in
627 1283 667 1345 iis
689 1281 869 1345 oratoribus
888 1279 1095 1352 numerasset,
1119 1282 1172 1366 qul
1195 1278 1323 1361 suili'ent
1344 1278 1447 1357 acuti,¹
1509 1304 1512 1319 ·

436 1369 585 1439 subtiles,
612 1368 743 1439 breues,
771 1376 804 1429 et
831 1366 1116 1450 sententiismsgis
1141 1387 1235 1450 quam
1265 1366 1372 1430 uerbis
1390 1366 1447 1441 uli-i

437 1457 610 1526 vadantes,
632 1453 736 1516 eidem
760 1471 835 1516 mox
844 1451 971 1537 jisccum
992 1453 1121 1530 trib'uit,
1138 1453 1201 1517 hoc
1218 1452 1301 1526 'ests
1322 1446 1447 1527 oratio}

389 1582 391 1589 ·
438 1560 514 1606 nem
546 1560 613 1603 eam
640 1539 705 1600 vim
730 1545 764 1600 et
790 1538 943 1614 sormam,
974 1559 1051 1623 quae
1081 1540 1182 1622 magis
1205 1538 1257 1602 illa
1275 1539 1445 1613 sententia·

314 1624 320 1639 '
441 1647 512 1692 rum
542 1624 716 1708 grauitate,
756 1625 888 1688 veritate
912 1633 946 1688 et
964 1626 1106 1689 vberiut'e
1124 1624 1309 1701 excelleret,
1350 1643 1445 1706 quum

376 1781 378 1785 ,
439 1714 610 1781 verborum
635 1708 792 1774 cincinnis
820 1712 1003 1793 quibusdam
1037 1718 1148 1775 orirata
1183 1708 1286 1792 specie
1314 1708 1446 1775 extei'na'

441 1799 613 1881 deciperet.
676 1795 770 1863 Vnde
792 1806 826 1859 et
842 1794 932 1860 simili
958 1795 1140 1880 metaphora
1161 1797 1215 1860 ulii
1238 1790 1298 1882 offis
1320 1798 1445 1877 sepner:
1466 1809 1473 1831 ”

443 1903 501 1949 vas
534 1884 639 1946 eidem
664 1882 821 1944 orationis
847 1882 959 1965 generi
986 1882 1125 1946 tribuere
1142 1881 1253 1946 solent.
1318 1879 1446 1947 Gellius

442 1969 525 2033 adeo
546 1969 612 2032 libr
637 1973 686 2041 18,
707 1983 738 2045 4.
761 1975 857 2031 celcra
885 1976 919 2030 et
944 1967 1080 2050 speciem
1108 1967 1347 2044 sententiarum,
1369 1963 1449 2052 sm}
1476 1984 1491 2007 ·

320 2087 323 2093 ·
438 2057 530 2138 gessi
552 2064 584 2116 et
602 2053 745 2118 medullae
763 2046 932 2117 verborum
949 2055 1097 2136 opponit.
1133 2055 1176 2120 Et
1198 2053 1311 2118 Cicero
1330 2055 1370 2116 ad
1388 2055 1450 2119 Ar·

443 2141 499 2206 tic.
515 2155 547 2219 4,
565 2136 613 2203 16.
636 2140 671 2202 in
690 2138 751 2201 slis
768 2137 895 2222 quidem
915 2159 960 2214 re,
980 2138 1166 2215 ,amisimus
1186 2140 1298 2224 inquit,
1316 2150 1451 2205 omnem

444 2244 514 2291 non
536 2226 635 2301 modo
644 2223 768 2308 succum
788 2230 821 2287 et
829 2220 1033 2307 fissguiuem,
1064 2223 1229 2288 sedetiam
1248 2224 1393 2290 colorem
1416 2232 1452 2288 et

446 2305 584 2393 speciem
606 2310 764 2394 pristinam
783 2311 959 2376 ciuitatis.“
983 2311 1025 2375 cf.
1041 2328 1125 2394 ,quae
1140 2314 1178 2376 ad
1208 2331 1277 2375 roc.
1299 2304 1385 2377 colur'
1402 2309 1451 2377 di·

447 2395 613 2464 liniunt..
637 2396 796 2460 lnBruto
815 2410 849 2478 9.
868 2397 1015 2470 „Succos
1030 2397 1102 2470 ille,
1122 2399 1181 2473 nit,
1204 2404 1237 2459 'et
1245 2395 1382 2480 sanguis
1401 2397 1451 2461 inss

447 2493 618 2565 corruptus
638 2500 736 2564 vsque
755 2483 795 2545 ad
815 2481 896 2544 hanc
916 2489 1049 2545 aetatem
1066 2492 1229 2548 oratorum
1242 2482 1312 2558 suit,
1333 2483 1368 2545 in
1389 2494 1452 2565 qui

448 2567 605 2635 muratis
628 2565 721 2642 esset,
742 2586 801 2630 nors
814 2563 945 2645 fucatus
963 2568 1089 2632 ni'to'r.“
1128 2569 1165 2634 Iu
1186 2568 1324 2651 imagine
1344 2576 1452 2635 antem

316 2690 320 2698 ι
359 2660 363 2669 ’
448 2653 588 2721 oratoris
598 2649 739 2738 subtilis,
758 2661 906 2736 quesnel
924 2662 1071 2729 tenuem,
1090 2663 1234 2732 acutum,
1262 2652 1454 2721 summissum

360 2751 366 2770 ‘
449 2739 604 2823 appellat,
624 2749 658 2801 et
676 2739 744 2821 qui,
772 2740 913 2821 quamuis
935 2739 972 2801 ab
994 2738 1173 2823 amplissima
1194 2740 1349 2824 grauitate
1367 2739 1454 2828 absit,

423 2845 425 2850 ·
450 2832 557 2890 tamen
578 2823 792 2888 imbecillitate
813 2833 933 2896 careat,
956 2825 1019 2888 hoc
1039 2827 1135 2889 etiam
1156 2828 1253 2892 veluti
1278 2824 1456 2891 lineamen-

410 2958 413 2970 ,
451 2918 522 2975 tum
544 2910 702 2994 quoddam
721 2910 872 2994 'adpinxit
899 2911 1027 2975 Orator.
1047 2914 1123 2994 Cap.
1155 2928 1205 2992 ις.
1252 2912 1337 2987 „etii
1366 2914 1455 2978 enim

392 3066 396 3072 ,
450 3013 520 3064 uon
547 2995 673 3080 plurimi
701 2994 859 3079 sanguinis
889 2995 948 3066 est,
990 2997 1101 3061 habeat
1128 2995 1232 3062 tumen
1247 2996 1371 3080 succum
1396 3000 1481 3064 alis·

473 3102 548 3148 uem
576 3090 721 3164 oportet,
752 3093 804 3159 vt,
833 3081 949 3146 etiamsi
967 3083 1029 3146 illis
1053 3086 1175 3165 magnis
1197 3085 1314 3147 viribus
1337 3089 1454 3160 careat,

452 3101 491 3235 dt
513 3176 618 3232 tamen
640 3170 764 3251 integra
787 3169 990 3233 ualetudinc.“
1009 3170 1072 3233 vid.
1092 3190 1163 3233 voc.
1193 3171 1306 3237 Sanus.
1350 3172 1455 3254 Inpri-

334 3276 338 3285 ·
452 3253 515 3318 mis
536 3262 640 3317 autem
657 3251 719 3316 huc
740 3255 879 3336 pertinet
901 3254 1030 3337 elegans
1055 3253 1144 3319 locus
1173 3255 1360 3334 Quintiliani
1382 3255 1454 3324 Lib.
1486 3268 1490 3274 '

454 3354 507 3412 10,
530 3356 561 3403 2·
586 3353 633 3401 ¹2.
656 3339 696 3401 de
717 3340 910 3402 imitatione:
944 3342 1034 3417 ‚,lis,
1056 3361 1133 3423 quae
1155 3341 1387 3425 inexemplum
1410 3343 1454 3408 as·
1529 3417 1532 3429 Ι

451 3422 614 3496 sumimus,
632 3422 729 3487 subest
747 3433 866 3498 natura,
890 3436 923 3487 et
942 3429 1098 3489 verevis:
1127 3430 1360 3491 contra'omnis
1381 3429 1454 3511 imi·

452 3511 534 3574 tatio
559 3507 631 3573 sitia
660 3508 719 3577 est,
747 3521 780 3569 et
807 3512 846 3572 ad
866 3509 1003 3573 alienum
1022 3512 1215 3595 propositum
1234 3517 1454 3582 accommoda·

453 3601 516 3659 tur.
583 3594 650 3678 Quo
667 3591 738 3677 fit„
755 3601 791 3656 vl
810 3598 911 3658 minus
928 3594 1092 3681 sanguinis
1112 3618 1148 3663 ac
1170 3601 1282 3665 virium
1305 3599 1455 3668 declama·

358 3693 363 3703 ·
454 3684 551 3746 tiones
571 3674 716 3752 habeant,
738 3696 831 3763 quam
852 3683 1029 3757 orationesc
1062 3685 1144 3769 quod
1167 3686 1200 3750 in
1222 3678 1285 3751 illis
1302 3704 1397 3764 vera,
1420 3688 1455 3754 is

454 3762 504 3844 dis
523 3785 542 3828 u
562 3765 690 3829 rmulata
710 3765 842 3830 materia
861 3770 943 3852 esl.“
1073 3779 1075 3785 “
1215 3770 1247 3780 ”

815 3863 1097 3993 Sufflatus,

542 4017 667 4087 Austor
691 4017 832 4087 Hereum
863 4038 899 4103 4,
923 4043 972 4090 ιο.
1006 4025 1140 4109 figuram
1161 4022 1184 4089 s.
1202 4044 1306 4109 genus
1326 4025 1458 4095 dicendi

449 4098 608 4198 fifflutam
629 4107 780 4191 appellat.
803 4112 888 4192 quod
907 4112 1092 4195 grauitatem
1114 4111 1224 4191 vitiose
1246 4113 1388 4187 excedit,
1420 4123 1459 4181 vt

456 4200 565 4259 mmor
592 4193 730 4276 pria'tur,
762 4194 796 4257 in
820 4187 1014 4263 elocutione.
1078 4199 1158 4263 Nam
1179 4208 1213 4260 vt
1231 4199 1377 4279 corporls
1398 4200 1458 4265 bo-

457 4294 531 4348 mm
553 4277 791 4355 ‘habitudinem
820 4281 939 4365 inquit,
973 4294 1080 4365 tumor
1106 4285 1244 4349 imitatur
1266 4283 1374 4368 saepe,
1411 4286 1459 4352 ita

457 4361 567 4449 grauis
584 4366 689 4429 oratio
719 4362 811 4451 saepe
837 4369 1000 4455 imperitis
1016 4372 1141 4440 ridetur
1167 4390 1222 4451 ea,
1244 4389 1324 4460 quae
1346 4369 1460 4458 turget

510 4475 513 4482 ·
555 4503 558 4512 .
823 4487 826 4494 ·
1336 4511 1342 4531 ,
1422 4466 1461 4524 et
