3534 5375
251 678 255 684 ¹
378 595 431 687 ῄ
695 653 697 661 .
778 586 902 665 C'Af-
922 591 977 663 NJ

335 813 337 817 ’
379 762 524 923 iiii&
536 763 1379 934 litt?;‚‘}tff·t¹.i··.tl¹f'ttl'?ft”02tii

382 955 433 1014 tt,
461 957 489 1018 3.
514 933 621 1023 fusior
646 937 793 1019 opponit.
853 936 897 1001 Et
925 932 1046 1009 Seneca
1078 936 1324 1003 continu-Lib.
1349 955 1378 1004 ι.

436 1024 477 1087 ef.
508 1033 596 1100 cum,
609 1023 720 1088 dicere·
743 1021 855 1094 vellet,
890 1021 1039 1086 Porcium
1069 1022 1241 1086 Latronem
1263 1025 1379 1088 nimiis

313 1141 315 1145 ·
377 1045 647 1177 &amarioribus
674 1108 763 1171 vocis
790 1107 881 1170 illum
908 1107 1078 1171 candorem
1098 1117 1131 1169 et
1151 1110 1380 1192 veluti-puram

346 1261 349 1270 ,
378 1196 550 1263 claritatem
569 1189 755 1276 perdidisse,
774 1192 819 1254 ita
838 1193 899 1277 ait:
913 1210 984 1257 ¹rut
994 1189 1139 1274 sordida,
1154 1193 1380 1265 lucubrationi·
1411 1238 1416 1255 .

378 1281 448 1358 bus,
470 1291 503 1344 et
523 1266 737 1362 negligentia,
759 1296 827 1340 non
847 1286 968 1351 natura,
987 1276 1170 1360 infimatur*
1190 1281 1293 1346 Simili
1312 1305 1382 1347 me·

377 1367 510 1450 trphora
529 1358 563 1428 ri
578 1357 686 1426 imis
709 1361 896 1428 Aristotelea
916 1363 950 1425 in
970 1360 1104 1444 Topicis
1125 1366 1306 1448 appellauit,
1323 1368 1380 1433 ubl

376 1453 443 1539 ipse
462 1455 685 1532 interpretatur
703 1441 843 1530 adrianum
863 1448 913 1513 dit
936 1443 1025 1539 della,
1047 1443 1145 1524 ruite,
1173 1451 1379 1531 vemmlirle,

376 1536 550 1609 metullvolle
571 1534 713 1603 'Stimma
746 1534 809 1597 vid.
838 1552 917 1616 quae
942 1533 1084 1616 pluribus
1122 1541 1305 1603 notauimns
1345 1543 1379 1603 in

297 1630 300 1641 ’
377 1622 454 1697 Lex.
475 1641 525 1707 gr.
545 1620 651 1688 menn.
668 1620 708 1684 ad
729 1638 800 1682 voc.
826 1610 955 1694 ironice
988 1619 1097 1699 elini.
1120 1623 1159 1686 ad
1184 1644 1256 1689 voc.
1277 1627 1380 1693 Lenem

763 1744 998 1825 Cauaras.¹

463 1877 539 1948 Vox
566 1898 683 1964 canora
698 1877 840 1959 'manime
871 1875 906 1940 in
926 1876 1041 1939 virtute
1062 1878 1208 1959 ponitur,
1228 1881 1379 1945 oratoris-
1455 1890 1457 1895 ’

376 1984 438 2051 que
457 1965 590 2050 perfeili
608 1965 737 2049 propria
759 1964 874 2026 dicitur
895 1976 917 2024 a'
932 1961 1142 2038 Rhetoribus,
1162 1968 1271 2047 quiet
1290 1986 1378 2031 carro-

377 2061 628 2129 ram'oratorem
649 2049 862 2123 laudant-vbi
882 2048 921 2112 de
943 2047 1107 2130 praestanti
1128 2070 1208 2114 voce
1228 2063 1261 2114 et
1281 2050 1380 2118 actm

378 2157 421 2202 ne
442 2135 547 2201 sermo
564 2138 638 2201 elb-
660 2137 714 2203 Sic
734 2135 799 2199 Cic.
822 2135 880 2199 Or.
906 2149 938 2214 3,
960 2148 994 2212 7,
1013 2136 1047 2199 in
1067 2135 1211 2200 Carbone
1226 2138 1389 2223 prinianas⁴

309 2265 334 2298 .·
377 2225 524 2308 quiddam
544 2229 579 2285 et
599 2234 743 2287 comm
770 2220 895 2290 laudat,
918 2233 1053 2302 quorum
1083 2221 1161 2285 illud
1186 2225 1226 2285 ad
1253 2225 1380 2307 expedi-

376 2317 440 2377 tam
464 2308 650 2391 inanemque
667 2308 822 2388 orationis
843 2305 993 2387 copiam,
1009 2305 1073 2370 hoc
1095 2309 1133 2371 ad
1155 2310 1379 2374 concinnitatis

376 2417 446 2461 cam
466 2393 648 2459 breuitatem
671 2394 831 2474 pertinere
852 2392 991 2465 videtur,
1020 2410 1108 2475 quae
1137 2414 1209 2458 curn
1238 2415 1379 2477 pronun-

375 2482 474 2546 tiandi
503 2479 745 2562 modulandique
781 2478 916 2541 iucunda
950 2478 1098 2542 varietate
1132 2478 1302 2545 conlundia
1334 2480 1378 2546 fit.

376 2567 439 2641 vid.
462 2562 549 2630 Brut.
577 2570 629 2640 88.
649 2572 683 2628 et
702 2579 755 2646 92.
776 2563 843 2638 vbi,
865 2583 939 2627 cntn
957 2564 1128 2630 concursus
1141 2565 1312 2630 'bominum
1329 2567 1379 2631 fin·

375 2652 475 2737 aique'v
491 2649 637 2733 strepitus
663 2646 807 2715 dicantur
836 2647 1008 2714 deiiderrre
1027 2671 1178 2717 ranorum
1206 2664 1379 2731 oratorem,

376 2748 464 2823 patet
488 2757 634 2819 magnam
662 2738 751 2801 vocis
778 2736 951 2800 claritatem
984 2735 1138 2821 intelligi,
1174 2758 1254 2819 quae
1287 2740 1380 2804 nullo

375 2823 505 2907 strepitu
521 2823 691 2898 obruatur,
713 2822 765 2887 sed
787 2842 861 2886 eum
881 2829 1045 2904 penetret,
1064 2831 1097 2885 et
1118 2822 1168 2886 lna
1190 2823 1221 2887 ti
1242 2823 1389 2905 superet.¹

376 2909 431 2977 stc
462 2908 642 2990 Spartianus
672 2907 876 2976 Pescennium
903 2909 1038 2992 Nigrum
1067 2910 1112 2971 ita'
1139 2914 1389 2994 rnaoraruocia

375 2993 465 3061 fuisse
491 2996 586 3070 dicit,
610 3006 645 3058 vt
670 2996 702 3059 in
729 3014 841 3079 campo
862 2994 996 3077 loquens
1016 3015 1073 3077 per
1098 2994 1184 3059 mille
1206 2993 1304 3077 passus
1325 3018 1378 3060 aa·

374 3083 505 3147 ditetur.
562 3077 743 3147 ‘Enimuero
769 3079 861 3145 idem
879 3079 994 3145 Cicero
1017 3101 1129 3144 vocem
1151 3100 1298 3144 canoram
1319 3084 1377 3147 Of.

375 3166 433 3236 fia·
456 3181 485 3244 t,
507 3175 627 3247 37..72·-
643 3169 686 3231 ita
715 3174 962 3238 commemorat,
985 3174 1018 3229 vt
1039 3166 1073 3227 in
1092 3166 1173 3228 vitio
1193 3163 1254 3227 effe
1274 3169 1377 3229 videa-

373 3262 436 3332 tur.
497 3254 545 3320 Ibi
568 3254 608 3317 de
628 3251 766 3319 Catulis:
798 3250 891 3328 „line
915 3252 1125 3314 contentione
1148 3268 1210 3313 vox
1230 3270 1290 3314 nec
1312 3252 1377 3315 lan-

336 3394 340 3402 .
375 3327 491 3426 quena‘,
518 3356 579 3402 nec
600 3341 762 3412 cauom,“
791 3336 844 3399 vbi
870 3353 932 3414 pro
961 3334 1083 3396 tinnula
1103 3338 1225 3417 accepit
1247 3335 1386 3401 Heusin-

374 3443 489 3511 gcrus,
513 3419 600 3489 reste
615 3422 759 3504 quidem,
775 3419 798 3483 sr
819 3428 946 3482 cantum
965 3419 1118 3499 quendam
1127 3422 1307 3486 ‘tremulum
1323 3445 1377 3488 co·
1416 3465 1417 3470 κ

374 3512 488 3595 gitauit
508 3515 541 3570 et
560 3505 650 3570 firma
670 3506 849 3568 intentione
867 3512 1044 3578 carentem,
1064 3513 1099 3567 vt
1111 3505 1155 3570 est
1175 3509 1256 3590 apud
1277 3511 1376 3587 Quin*

347 3662 348 3665 ,
375 3595 424 3660 tit.
447 3612 495 3667 tr,
519 3611 548 3674 3.
573 3606 624 3672 55.
649 3593 722 3657 Non
742 3591 851 3655 dubito
872 3588 1002 3653 illorum
1021 3591 1190 3656 verborum
1211 3593 1376 3660 Ciceronis

373 3675 650 3756 conuenientem
670 3671 742 3756 elie,
763 3677 817 3761 qui
834 3673 1007 3741 caffiodori
1028 3676 1094 3742 Lib.
1117 3679 1157 3742 de
1174 3681 1302 3755 Anima,
1324 3683 1376 3746 vbi

327 3779 329 3784 '
373 3761 551 3833 domitent
570 3763 733 3830 homiuem
752 3763 867 3826 virtute
887 3772 920 3825 et
939 3761 1088 3845 sapientia
1104 3767 1289 3847 praeditum,
1312 3788 1378 3832 oux

374 3849 456 3938 ipſsa,
483 3852 603 3934 inquit,
629 3850 806 3926 mediocris,
834 3859 888 3915 net
911 3849 1019 3914 debilis
1045 3852 1142 3914 vicino
1161 3853 1296 3936 stitutio,
1324 3875 1377 3917 nec

375 3936 451 4005 raba
476 3957 498 4002 a
522 3937 652 4002 clamore
677 3936 821 4002 amaro.
864 3935 1018 4013 Quamuis
1046 3936 1082 3998 in
1106 3936 1181 4002 loco
1210 3936 1374 4001 Ciceronis

375 4025 412 4090 itt
474 4024 569 4088 etiarn
588 4022 679 4092 vocis
699 4021 810 4085 vitium
834 4019 968 4104 cogitari
992 4019 1105 4096 velim,
1140 4043 1203 4105 quo
1230 4023 1282 4085 illa
1301 4044 1374 4104 pro·

375 4120 447 4194 pter
476 4107 703 4184 modulationis
731 4104 963 4170 affestationem
992 4106 1030 4169 ad
1058 4106 1187 4171 mollem
1221 4109 1375 4190 quendam

375 4204 501 4262 cantum
520 4196 652 4260 accedit.
671 4192 735 4257 vid.
758 4211 836 4274 quae
854 4193 894 4254 ad
913 4211 984 4256 voc.
1007 4192 1122 4257 Cantus
1141 4194 1286 4256 diximus.
1316 4196 1378 4259 Ce-v

374 4288 479 4343 terum
511 4281 543 4342 in
570 4300 680 4346 canoro
712 4286 835 4347 veteres
865 4296 933 4341 non
966 4275 1066 4341 solum
1094 4278 1308 4360 praestantiam
1341 4288 1378 4345 et·

373 4362 566 4451 splendidam
584 4366 787 4441 alcumena,
807 4364 860 4429 led
882 4374 917 4428 ct
935 4360 1115 4428 suauitatem
1134 4371 1167 4440 et
1186 4362 1375 4446 elegantiam

1247 4452 1372 4516 auribus
