3534 5375
761 606 934 678 CVR
1063 696 1065 705 .
1275 626 1341 679 aar

342 782 485 840 veterum
511 736 719 860 eloquentiae
744 778 882 863 opponit
914 779 1070 843 Ammian.
1104 777 1243 843 Marcell.
1272 779 1342 846 Lib.

341 878 395 944 30,
414 885 444 939 4.
464 893 509 908 ·-
523 862 719 943 v'Expeditum
739 873 772 926 et
784 864 880 954 facila
898 875 1065 928 currentem
1093 866 1271 928 orationem
1292 865 1343 932 ci·
1507 916 1510 925 ,

340 968 417 1025 cero
445 950 531 1012 Brut.
561 952 615 1028 '³3-
647 967 720 1011 cum
750 949 842 1017 laude
872 956 1108 1012 commemorat
1128 948 1168 1014 cf.
1188 949 1262 1033 Cap.
1287 966 1341 1035 95.
1365 994 1371 1002 .
1486 979 1491 988 ·

255 1064 259 1082 ·
336 1035 392 1096 vbi
415 1035 455 1096 de
478 1031 630 1098 Asiatidae
645 1031 798 1098 distionis
820 1049 939 1119 genere
960 1036 1142 1117 disputans,
1165 1035 1268 1098 verbis
1289 1046 1340 1107 vd,

334 1119 418 1186 lucri
437 1126 469 1180 et
485 1120 627 1193 incitato,
649 1118 838 1204 Aeschylum
868 1119 1013 1183 Cnidium
1039 1130 1073 1185 et
1098 1118 1250 1184 Milesium
1275 1126 1340 1195 Ae.
1399 1155 1401 1162 ·

336 1201 479 1266 schinum
505 1215 748 1279 commemorat,
778 1205 948 1290 inquibus
974 1205 1165 1270 admirabilis
1190 1207 1341 1277 orationis

338 1289 451 1375 carsas'
464 1286 587 1362 suisset,
604 1297 637 1352 et
656 1291 791 1375 denique
818 1291 905 1354 addit
935 1290 1135 1357 Hortensium
1161 1290 1339 1358 adolescen-

339 1382 422 1445 rem.
442 1375 499 1437 illo
519 1394 638 1456 genere
658 1377 813 1449 orationis
839 1376 1025 1450 florentem,
1057 1377 1203 1440 clamares
1223 1375 1339 1443 senilia.

336 1459 403 1525 lam
423 1459 476 1522 hic
498 1461 604 1523 omnis
625 1460 745 1543 tarsus,
766 1482 830 1544 quo
850 1460 1009 1527 incitatius
1028 1462 1121 1524 etiam
1149 1462 1248 1528 fluere
1269 1482 1360 1531 ora-t

330 1543 386 1608 ‘tio
408 1544 523 1609 dicitur
544 1544 693 1611 Ciceroni
711 1548 768 1610 Or.
782 1545 835 1626 63.
858 1547 991 1610 maxime
1012 1548 1199 1611 ebreuitate
1222 1548 1352 1630 pedum,
1399 1541 1405 1549 ¹
1445 1584 1450 1593 ·

330 1632 456 1704 uritur,
491 1639 525 1693 vt
557 1651 575 1697 a
603 1630 805 1714 longitudine
833 1632 992 1706 tarditat·
1047 1629 1191 1717 wifam,
1225 1631 1337 1714 inquit,

309 1716 535 1779 ‘narrationes
567 1718 671 1798 magis
699 1718 882 1801 “requiram
919 1716 1113 1804 aapmitiones
1145 1714 1337 1783 tarditatem.

330 1801 413 1876 Quo
434 1799 521 1863 sensu
542 1801 655 1863 Horat.
678 1799 778 1865 Serui.
804 1821 830 1872 t,
856 1818 903 1868 ιο.
924 1818 956 1884 9,.
977 1800 1222 1887 ..submutare
1242 1818 1339 1883 opud,

333 1893 505 1950 strarant
530 1885 681 1949 sententia
701 1889 786 1951 etc.“
827 1885 1058 1966 Quintilianus,
1090 1887 1142 1970 qui
1162 1885 1230 1949 Lib.
1253 1900 1284 1967 9,
1306 1900 1337 1969 4.

334 1982 389 2050 45.
410 1968 471 2054 sqq.
501 1969 586 2032 illam
613 1971 709 2055 ipsam
737 1972 853 2056 pedum
882 1974 1075 2047 celeritatem
1103 1981 1135 2034 et
1161 1971 1339 2039 tarditatem

334 2053 442 2138 paffim
463 2068 701 2129 commemorat,
720 2056 873 2123 subtiliori
895 2060 995 2135 etlam¹
1012 2056 1194 2129 discrimine
1218 2055 1336 2141 canum

328 2141 445 2207 tribuit
465 2141 612 2205 breuibus
631 2141 776 2230 syllabis,
802 2142 824 2207 li
847 2144 1031 2227 quibusdam
1053 2141 1161 2225 longis
1190 2141 1338 2227 miscean-

329 2224 414 2300 tur,
434 2228 561 2291 easdem
590 2217 714 2308 autern}
741 2225 765 2294 sr
792 2232 1045 2302 continuentur,
1071 2226 1220 2292 exultare
1245 2229 1336 2310 dicit.

241 2344 260 2354 -
332 2313 525 2391 „Plurimum
540 2311 748 2394 austorita‘tis,
768 2315 870 2399 inquit
884 2321 971 2398 §.pn
995 2312 1028 2376 e't
1050 2312 1201 2396 ponderis
1221 2311 1337 2379 habeut

332 2397 469 2482 longae,
489 2400 658 2465 celeritatis
677 2400 803 2474 breues,
825 2399 945 2484 quaest
966 2399 1134 2465 miscentur
1152 2392 1337 2482 quibusdam

251 2478 254 2501 ¹
331 2481 461 2576 longis,
487 2483 678 2565 camunti
706 2489 947 2560 continuantur,
969 2480 1139 2553 exaltant.“
1170 2484 1232 2548 vid.
1262 2502 1334 2549 voc.

325 2572 447 2637 ducere.
473 2602 512 2622 -
543 2574 643 2636 Porro
674 2590 764 2649 cum,
792 2580 855 2656 quo
882 2585 1024 2656 quaeque
1051 2569 1236 2637 rotundiora
1255 2566 1335 2645 sunt,
1435 2605 1446 2619 .

333 2676 377 2719 eo
398 2657 509 2720 melius
530 2656 674 2734 currant,
696 2660 738 2721 'et
763 2659 955 2734 adluantur,
975 2659 1153 2726 rotunditas
1174 2663 1280 2720 autem
1300 2655 1335 2720 iu
1386 2664 1404 2710 ἰ

325 2744 480 2807 oratione
501 2745 636 2808 maxime
654 2761 692 2807 ce
748 2747 802 2808 tur
819 2746 852 2809 in
875 2745 1036 2810 sententiis
1059 2753 1131 2827 apte
1152 2739 1335 2827 composrtis

332 2839 366 2890 et
390 2827 555 2892 numerose
576 2826 714 2893 conclusi
738 2875 749 2902 ‚
775 2831 890 2895 iisdem
911 2843 944 2893 et
970 2828 1073 2912 cursans
1095 2823 1135 2891 ·'et
1159 2827 1335 2892 salutatas

331 2914 428 2977 tribui
452 2913 541 2976 solet.
586 2917 632 2977 lta
656 2913 780 2991 Gellius
808 2934 857 2987 rr,
884 2932 932 2996 13.
964 2912 1163 3003 „curſsrshio
1185 2922 1218 2974 et
1239 2910 1334 2975 sonus

329 2998 479 3066 rotundae
498 2996 692 3081 volubilisque
710 2995 881 3061 sententiae
902 2999 1017 3062 eximie
1040 3018 1100 3061 nos
1124 3005 1155 3060 et
1169 2996 1260 3061 vnice
1280 2997 1333 3067 de-

329 3081 504 3147 reuertar
542 3083 690 3151 'Eandem
711 3102 786 3147 mox
803 3082 974 3153 aratidnem
1003 3092 1075 3165 apte
1091 3082 1273 3161 eadm,
1300 3089 1333 3152 et

328 3189 396 3238 nou
418 3167 519 3231 multo
541 3168 610 3251 post
632 3166 816 3251 uerbaapta
836 3166 1042 3256 nummstqa'o
1063 3166 1180 3256 pastta,
1209 3176 1242 3231 et
1265 3179 1332 3246 mo·

330 3255 470 3318 dulatum
505 3255 657 3324 maratis
679 3253 849 3337 facundiae
882 3251 1018 3318 sonitum
1056 3251 1208 3336 appellat,
1249 3271 1329 3334 quae

329 3341 438 3404 omnia
459 3340 623 3423 expeditae
646 3338 694 3404 illi
717 3340 904 3403 rotunditati
930 3339 1151 3422 exprimendae
1180 3334 1327 3414 seruiunt

321 3445 409 3511 ¹quae
427 3425 644 3510 periodorum·
655 3425 882 3492 concinnatum
903 3421 1117 3509 propria‘esie
1130 3422 1233 3489 debet.
1296 3441 1315 3468 κ·

732 3534 922 3631 Cartan

262 3705 266 3718 ·
319 3727 324 3735 ·
409 3680 449 3746 ln
470 3681 639 3746 verboram
661 3681 870 3766 summast
891 3678 1183 3764 pessumarum
1204 3680 1325 3749 Latinis

321 3766 517 3836 -Rhetoribus
546 3768 680 3843 dicitur,
716 3767 747 3831 fi.
773 3768 923 3850 periodus
954 3784 1024 3830 non
1056 3764 1101 3829 est
1142 3763 1264 3834 ,errem
1292 3774 1332 3829 et·
1396 3797 1400 3807 ·

320 3854 504 3938 completa,
547 3853 600 3917 sed
627 3852 731 3936 aliqua
749 3864 838 3935 parte
856 3851 973 3916 >delicit
993 3857 1025 3914 et
1043 3850 1112 3920 clau
1136 3853 1214 3917 icat.
1271 3851 1324 3916 sic

327 3942 442 4005 Cicero
462 3940 519 4004 Or.
545 3955 595 4020 50.
615 3959 734 4017 „meae
761 3941 888 4021 quidem
916 3937 1175 4019 aum-inquit,
1201 3944 1234 4002 et
1254 3956 1325 4017 per·
1404 3952 1408 3976 ¹

329 4024 415 4091 setta
436 4033 469 4088 et
486 4024 648 4106 completo
669 4013 835 4090 verbor-um
855 4024 973 4092 ambita
992 4016 1149 4111 gaudent,
1180 4031 1213 4083 et
1228 4030 1324 4086 ‘curta
1418 4051 1420 4056 >

329 4110 482 4186 sentiunt,
516 4130 577 4173 nec
613 4108 718 4174 amant
743 4112 957 4183 redundantia.
1022 4104 1153 4196 Graeci,
1180 4107 1325 4189 inprimis

328 4196 518 4269 Aristoteles
537 4188 674 4278 ampda,
691 4217 694 4222 ·
711 4194 802 4261 simili
830 4195 1029 4279 metaphora,
1064 4192 1143 4257 tales
1170 4192 1324 4276 periodus

279 4360 283 4373 ¹
321 4284 459 4353 dixerat.
480 4302 511 4350 v.
531 4283 609 4352 Lea.
627 4281 857 4374 catecumip
877 4280 910 4357 h.
934 4300 966 4345 v.
1001 4327 1006 4348 .

806 4435 810 4444 '
863 4444 895 4520 G
916 4463 936 4533 3
1188 4387 1325 4532 Dacia·
