3534 5375
436 599 482 682 m
732 545 1032 666 ‚coa

440 768 640 868 descriptam
660 768 839 834 orationem
857 771 989 844 dixerat,
1010 766 1141 832 eandem
1164 754 1229 831 non
1251 768 1352 832 muita
1373 771 1443 852 post

440 860 585 944 disertam
607 866 640 919 et
659 855 830 921 oratoriam
852 856 1008 938 appellat3
1028 857 1071 919 ita
1092 864 1212 933 tumen,
1233 862 1266 916 vt
1284 857 1322 917 ad
1345 853 1443 921 solam

442 954 542 1008 artem
574 941 718 1017 dicendi,
755 951 795 1004 et
815 953 966 1007 ornatum
989 939 1108 1003 referre
1129 938 1443 1009 istamcommodtta·
1521 957 1523 965 ’

441 1040 508 1094 tem
532 1027 682 1091 videatur.
738 1025 961 1111 'Namfurtcm
981 1033 1014 1090 et
1033 1024 1151 1088 uirilem
1171 1020 1303 1088 eandem
1325 1029 1444 1093 oratio

441 1135 517 1179 nem
538 1110 626 1176 fuisse
646 1119 760 1196 negat,
800 1113 886 1194 quod
906 1123 1069 1194 utrumque
1089 1111 1127 1172 ad
1151 1128 1203 1173 res
1223 1109 1302 1190 ipsas
1324 1124 1358 1175 et
1380 1134 1443 1177 ma-

441 1202 556 1265 teriem
590 1198 745 1263 orationis
773 1194 964 1280 potiffimum
997 1197 1145 1279 pertinet.
1184 1198 1309 1277 *Magis
1337 1208 1470 1277 autem*

441 1284 624 1373 perspicuus
652 1282 763 1358 locut,
786 1299 829 1355 'ex
850 1301 914 1364 quo
937 1283 1112 1364 inteiligas,
1142 1283 1383 1348 commoditatem
1403 1286 1443 1351 ad

441 1372 630 1455 elegantiam
649 1367 827 1453 ‘oratiouie
842 1376 876 1431 et
903 1369 1121 1439 dexteritatem
1147 1367 1273 1429 dicendi
1294 1369 1331 1430 ab
1356 1373 1444 1454 inge.

441 1460 500 1523 nlo
528 1467 647 1526 ortam,
672 1455 853 1535 pertinere,
889 1450 995 1516 est'iu
1024 1453 1090 1520 Cic.
1127 1453 1214 1519 Orat.
1252 1471 1311 1534 pro
1350 1456 1442 1525 Rusca

353 1535 359 1552 '
440 1547 550 1610 Amet.
583 1538 657 1621 cap.
685 1553 717 1619 4.
754 1538 847 1614 „His
876 1539 917 1602 de
944 1540 1038 1602 tantis
1066 1537 1175 1617 rebus,
1201 1541 1318 1620 inquit,
1341 1556 1443 1624 neque

288 1654 290 1658 ·
325 1679 327 1684 .
440 1628 512 1692 satis
537 1646 588 1689 me
609 1622 901 1699 commoda-adicere,
932 1643 1037 1708 neque
1058 1621 1129 1691 satis
1147 1625 1286 1704 grauiter
1305 1644 1443 1710 conquec

440 1715 469 1785 ri
489 1708 575 1797 qoffe
595 1709 753 1793 intelligo.
790 1710 876 1779 Nam
897 1712 1102 1783 commoditati
1130 1711 1312 1792 ingenium,
1340 1717 1444 1794 graui.

440 1803 498 1862 tati
520 1805 605 1861 aetas
627 1794 698 1860 sunt
718 1791 991 1879 imqedimento.“
1054 1797 1129 1873 Quo
1153 1797 1257 1857 minus
1278 1817 1361 1878 opus
1381 1799 1443 1864 ess'e

423 1938 426 1943 .
465 1882 606 1959 utamua,'
647 1889 681 1945 vt
705 1880 769 1947 hoc'
785 1878 938 1968 ''verlium
954 1879 1137 1960 sollicitetur
1165 1882 1198 1943 in
1219 1880 1295 1945 loco
1311 1882 1377 1948 Cic.
1399 1888 1441 1953 de

436 1905 564 2049 fiuent.
587 1966 656 2032 Lib.
677 1974 707 2044 i,
732 1974 764 2035 i..
783 1962 1018 2055 ubijmanifeste
1038 1968 1159 2050 iagmio
1176 1975 1209 2028 vt
1229 1964 1443 2053 synonymum

440 2055 639 2139 adiungitur,¹
667 2063 700 2117 et
726 2052 808 2117 ea'm'
821 2053 896 2124 artis
926 2050 1071 2134 peritiam
1082 2060 1125 2115 -et
1145 2053 1369 2135 dexteritatem¹
1384 2076 1441 2122 uo·

440 2137 509 2217 ‘tati
544 2158 623 2224 quae
653 2139 791 2209 maxime¹
815 2137 1007 2202 naturalibus
1033 2136 1156 2222 ingeriit
1182 2137 1275 2201 bonis
1296 2137 1441 2211 efficitur.

333 2288 337 2305 ,
373 2284 376 2289 .
409 2283 417 2302 „
440 2227 579 2304 ','.'Primo
598 2225 744 2309 quidem,
763 2225 864 2313 idquit
877 2223 1017 2298 ¹Cicera,
1037 2223 1078 2289 fic
1099 2233 1131 2285 et
1152 2233 1222 2285 nata
1243 2231 1276 2286 et
1293 2224 1441 2309 progres-

439 2308 471 2375 i‘a
489 2311 620 2396 lougius
641 2311 820 2395 eloquentia
832 2306 982 2384 'videtum
1013 2309 1149 2395 etitem
1171 2308 1278 2392 postea
1296 2314 1441 2380 maximis

436 2395 475 2475 'in
494 2399 590 2463 rebus
610 2398 697 2479 pacis
725 2394 946 2477 et''belii'‚cum
965 2390 1091 2465 summis
1115 2394 1440 2465 hominumvtilitati·

436 2484 497 2550 bus
519 2474 581 2575 esse
600 2481 725 2545 versata.
747 2528 751 2559 ι
777 2476 948 2564 ,Postquam
968 2488 1046 2549 ve'ro
1064 2480 1261 2549 commoditas
1279 2484 1441 2565 quaedam,

424 2566 536 2655 praua
558 2568 683 2649 virtutis
699 2565 871 2649 ,imitatum
914 2562 977 2628 fine
1007 2568 1130 2635 ratione
1158 2565 1272 2641 officii,
1311 2571 1440 2641 ¹dicendi

439 2644 567 2748 copiam
586 2650 753 2736 consecuta
774 2650 858 2728 est3²
880 2657 949 2716 tum
966 2653 1086 2736 ingenio
1107 2652 1187 2716 freta
1208 2654 1342 2736 malitia,
1369 2678 1439 2741 per-

435 2743 561 2807 'v'ertere
583 2739 694 2820 urbes,
708 2741 754 2804 ,et
772 2729 1037 2814 vitae'homiuum
1058 2737 1241 2803 labesastare
1262 2740 1407 2806 adsueuit.
1418 2747 1441 2777 “

437 2828 504 2892 lam
522 2831 617 2890 etiam
639 2823 717 2889 iilud
739 2815 872 2887 videtur‘
882 2819 1020 2907 intelligi
1041 2822 1142 2909 posse,
1172 2827 1257 2908 quod
1279 2828 1438 2893 Ernestiue

257 2964 259 2967 .
335 2949 337 2954 ,
381 2908 387 2921 “
437 2914 478 2976 ad
498 2913 530 2977 h.
549 2914 572 2977 1.
590 2910 621 2975 se
640 2909 821 2993 intelligere
847 2909 998 2994 negabat,
1037 2912 1200 2996 quomodo
1229 2916 1439 2979 commoditas
1493 2959 1496 2966 ,

287 3020 321 3060 ’.
436 2998 492 3062 illa
517 2999 644 3064 virtutis
670 2998 830 3062 imitatrix
851 2991 922 3059 'dici
957 3005 1058 3079 queat
1123 2998 1246 3081 Nempe
1281 2999 1439 3078 homines,
1502 3019 1505 3026 ·

436 3085 581 3168 quamuis
601 3105 627 3148 a
654 3080 904 3147 ratione-'officii
936 3082 1049 3157 alieni,
1095 3102 1136 3147 eo
1171 3091 1275 3146 tamen
1304 3085 1439 3168 ingenio

436 3170 594 3253 praediti,
617 3177 652 3234 vt
679 3168 850 3234 commode
878 3174 912 3244 et
938 3167 1052 3231 diseit'e
1072 3168 1177 3233 dicere
1201 3167 1330 3251 poiiint,
1348 3169 1439 3255 saepe

435 3254 540 3339 specie
561 3256 686 3320 uirtutis
708 3262 741 3318 et
758 3253 922 3337 grauitatis
949 3252 1161 3319 faiieieaiioa
1181 3254 1291 3318 soient.
1356 3258 1437 3323 Nam

435 3350 471 3405 vt
495 3337 692 3426 elequentiam
718 3348 844 3402 veteres
872 3337 993 3420 semper
1023 3353 1103 3404 cum¹
1120 3342 1216 3406 animi
1230 3341 1382 3406 'bonitate
1405 3354 1438 3408 et

415 3427 552 3491 'virtute
572 3421 960 3497 coniunstamuolebaut,
996 3424 1040 3487 ita
1061 3426 1174 3490 Cicero
1202 3427 1283 3502 illis,
1320 3430 1373 3511 qui
1399 3431 1437 3494 ab

435 3512 570 3595 ingenio
589 3510 715 3592 quidem
738 3505 890 3573 instrasti·
905 3505 943 3572 ad
963 3509 1149 3583 dicendum,
1191 3512 1227 3575 ab
1250 3513 1348 3577 officii
1371 3519 1436 3577 ani·

435 3599 541 3680 mique
563 3596 687 3658 ratione
706 3592 802 3657 alie'ui
814 3590 935 3667 ess'eut,
955 3594 1096 3680 adeoque
1116 3598 1315 3680 eloquentiae
1334 3604 1436 3665 nomi-

301 3719 318 3736 κ
435 3679 479 3746 tie
499 3681 642 3765 indigui,
664 3675 905 3746 commoditatem
925 3681 1043 3745 tribuit
1066 3709 1070 3715 ·
1106 3685 1320 3761 Quamobrem
1341 3688 1436 3752 etiam

434 3781 512 3833 mox
540 3767 615 3849 Cap.
645 3782 673 3847 3.
699 3765 812 3841 initio,
833 3765 967 3829 'eodem
996 3766 1207 3851 distinguendi
1244 3770 1375 3834 confilio
1404 3783 1436 3836 et

432 3852 537 3933 sensu,
561 3844 689 3938 dffcr’tos
708 3851 873 3927 homines,
895 3852 932 3915 ab
952 3874 1011 3917 aaa
1031 3854 1182 3919 incallidis
1202 3856 1370 3934 discreust,
1401 3860 1435 3921 in

432 3940 497 4005 illis
518 3938 737 4024 eloquentiam
759 3939 793 4001 in
823 3939 873 4001 his
901 3938 982 4001 hanc
1004 3937 1099 4021 ipsam
1114 3935 1361 4009 'catamoditatcm
1380 3963 1435 4008 co·

432 4027 550 4118 gitans.
570 4025 612 4089 cf.
632 4025 673 4090 de
695 4024 784 4090 Orat
806 4040 837 4102 3,
864 4038 912 4118 14.
932 4024 1006 4088 fiu.=
1049 4112 1051 4117 Ι

792 4156 1069 4226 Commotus.

444 4295 449 4326 ³
516 4274 626 4343 Genus
650 4279 776 4344 dicendi
803 4277 997 4357 commotam,
1037 4280 1183 4362 idemque
1207 4267 1384 4346 vehemens*
1399 4288 1433 4347 et
1464 4311 1468 4316 ’

429 4366 531 4444 sorte,
551 4365 621 4428 eius
641 4364 685 4432 est
704 4366 859 4444 oratoris,
890 4366 943 4452 qui
963 4374 1096 4449 propter
1115 4367 1202 4433 iiiam
1221 4368 1317 4453 ipsam
1338 4370 1431 4431 vehe-

573 4484 575 4487 ·
1281 4456 1433 4519 mentium
