3534 5375
1009 411 1020 451 i

453 595 515 678 ηε
650 632 693 664 ,ι
867 559 1140 673 nnn·

395 776 402 793 ’
434 819 436 823 .
461 785 539 831 nere
560 760 715 828 orationis
737 760 912 825 absolutum
932 769 966 826 et
986 757 1161 846 perfestunr
1178 759 1384 838 iudicaretut,
1411 760 1463 829 in·
1521 777 1532 841 ζ

459 851 564 931 tettigi
581 845 683 931 potest
704 867 722 910 e
740 847 815 912 loco
842 846 936 912 Plinii
955 848 988 921 6,
1013 863 1064 915 21.
1086 848 1136 909 vbi
1156 847 1196 911 de
1218 846 1374 927 Verginio
1399 849 1465 912 Ro·

450 955 573 1003 mano:
610 978 630 1014 „
639 930 766 1015 Scripsit
792 933 1005 997 mimiiarnbos
1027 935 1182 1004 tenuiter,
1211 942 1341 1021 argute,
1366 935 1466 996 venu-

459 1021 522 1097 ste,
553 1031 645 1100 atque
672 1019 707 1085 in
731 1019 795 1083 hoc
819 1038 940 1102 genere
969 1018 1199 1106 esuquretffme.
1263 1018 1393 1082 Nullum
1420 1019 1465 1088 est

462 1109 548 1171 enirn
568 1121 690 1186 genoe,
711 1109 796 1186 quod
823 1102 1013 1181 absolutum,
1041 1122 1108 1167 non
1138 1100 1234 1187 possrt
1255 1101 1465 1185 eloquentissi-

459 1212 548 1257 mum
572 1189 676 1253 dici.“
739 1188 789 1254 Ex
816 1190 1045 1254 recentioribus
1072 1186 1177 1265 nescio
1205 1208 1246 1250 an
1268 1189 1375 1255 nullus
1397 1191 1466 1257 eim
1515 1204 1525 1227 ‘

406 1266 410 1279 ⁴
460 1276 607 1362 quentiae
633 1274 750 1338 veteris
779 1276 844 1338 vim
871 1285 904 1337 et
934 1273 1053 1337 sensum
1082 1273 1194 1337 melius
1216 1277 1466 1359 'accuratiusque

325 1364 327 1371 '
426 1426 428 1431 ,
463 1358 644 1444 expresserit
665 1359 832 1431 Voitario,
875 1361 964 1423 cuius
994 1360 1028 1423 in
1059 1358 1188 1441 epistola
1214 1360 1253 1423 ad
1269 1360 1295 1424 F
1297 1361 1466 1429 tidericum

249 1461 252 1469 ·
323 1463 331 1479 ‘
461 1453 615 1529 Magnum
643 1443 803 1517 (Oeuvres
829 1445 1009 1528 posthumes
1033 1445 1129 1510 Tom.
1155 1461 1187 1507 ι.4
1203 1465 1235 1527 p.
1256 1446 1325 1528 91.)
1342 1445 1376 1511 hi
1396 1467 1466 1515 ver·

311 1543 314 1551 '
411 1559 419 1568 ·
463 1535 515 1598 sus
537 1533 709 1612 leguntur=
1140 1556 1145 1567 .
1365 1578 1368 1583 .

359 1622 363 1633 “
548 1613 674 1680 Cicerae
692 1612 773 1679 dans
793 1613 925 1700 sexily
945 1623 1041 1696 porta
1060 1612 1247 1696 i'eioquence,
1306 1652 1310 1679 i

460 1698 488 1735 Ψ
552 1698 605 1767 cet
621 1699 731 1784 grand
747 1711 801 1767 art
822 1702 876 1766 des
895 1701 1060 1772 Romaion,
1082 1708 1157 1763 cette
1176 1697 1425 1786 augustescieacr
1469 1778 1473 1784 ¹

546 1782 731 1853 lumerto
751 1786 783 1855 ia
801 1783 922 1868 raffau,
938 1785 977 1874 ,de
993 1783 1101 1869 ferrer
1121 1787 1163 1848 tes
1182 1785 1302 1870 asprits.

808 1922 1126 1989 *Emendatuc

491 2110 494 2115 ⁴
540 2037 725 2110 Enimuero
751 2041 858 2105 locutio
884 2040 1075 2105 Rhetoribus
1103 2039 1223 2103 Latinis
1253 2039 1312 2115 est,
1335 2059 1414 2123 quae
1434 2051 1467 2109 et

465 2127 565 2192 satin
590 2135 623 2188 et
646 2143 731 2208 paru
755 2126 887 2199 dicitnr,
922 2125 1018 2210 fitque
1049 2124 1153 2188 verbis
1181 2125 1274 2190 bonis
1304 2134 1340 2189 et
1364 2125 1466 2208 lestis,

467 2213 531 2275 vid.
553 2209 619 2276 Cic.
641 2211 729 2275 Brut.
750 2226 804 2288 7⁴·
826 2211 878 2274 vbi
905 2222 938 2274 et
958 2207 1035 2274 resse
1057 2212 1144 2291 loqui
1162 2220 1196 2281 et
1215 2211 1307 2277 latine
1325 2232 1468 2279 commu·
1490 2222 1493 2227 ’

457 2303 590 2374 tantur,
612 2313 691 2379 quae
712 2297 819 2375 omnia
840 2297 954 2360 eodem
975 2298 1117 2358 redeunt.
1166 2297 1284 2360 Eadem
1305 2300 1468 2445 metapho-

466 2403 520 2457 ra,
551 2401 643 2465 quam
660 2383 698 2449 ,in
719 2381 883 2444 vocabulis
909 2381 1082 2446 emendatus
1105 2389 1138 2442 et
1154 2401 1254 2464 purus
1273 2380 1369 2446 secuti
1399 2394 1466 2464 unt,

468 2468 663 2545 contrarium
692 2467 805 2529 vitium
833 2469 986 2549 inquinate
1013 2467 1167 2549 loquendi
1195 2467 1311 2530 ibidem
1329 2475 1477 2535 comme·'

466 2561 618 2619 moratur.
646 2547 688 2615 cf.
716 2551 804 2616 Orat.
832 2569 884 2633 49.
911 2553 995 2618 Hinc
1022 2563 1054 2615 et
1079 2551 1211 2629 Quintil.
1240 2572 1267 2625 r,
1290 2569 1319 2633 5.
1343 2570 1391 2634 33.
1415 2549 1465 2639 δρ-

463 2633 614 2703 uitreo
645 2636 867 2720 interpretatur
901 2636 1088 2703 emendatum
1123 2657 1239 2703 vocum
1271 2638 1466 2722 explanatio·

351 2776 357 2796 ,
463 2742 558 2789 nem:
576 2741 670 2807 quam
685 2722 750 2787 aiio
769 2723 845 2803 ioco
866 2720 940 2805 Cep.
961 2722 992 2788 6.
1018 2724 1162 2805 proxime
1181 2725 1220 2789 ad
1242 2746 1390 2810 graecum
1410 2750 1465 2795 vo·

366 2855 373 2862 -
422 2869 425 2876 ,
463 2808 610 2874 eubulum
638 2806 752 2872 reffam
776 2810 1080 2874 locutionem'vocat.
1106 2811 1173 2875 vid..
1196 2829 1264 2874 voc.
1294 2813 1463 2882 Latinitas.

462 2894 553 2970 Idem
578 2894 663 2976 quod
687 2893 754 2977 Lib.
776 2903 808 2972 8,
840 2912 867 2958 ι.
893 2896 985 2959 iatine
1011 2896 1106 2959 diere
1132 2895 1361 2977 appellauerat,
1388 2899 1464 2982 Cap.

463 2996 496 3061 3.
525 2979 680 3046 emendate
704 2980 819 3056 dicere,
851 2989 953 3053 vocat.
986 3010 1030 3026 -
1054 2982 1091 3046 ln
1113 2982 1339 3048 exercitatione
1358 2994 1465 3050 autem

462 3065 608 3141 dicendi,
629 3084 724 3149 quern
737 3068 843 3152 stilum
865 3076 989 3131 veteres
1005 3065 1162 3130 Rhetores
1180 3069 1344 3143 dixerunt,
1369 3091 1462 3136 amen·
1486 3090 1489 3093 ⁴

455 3151 548 3217 'datin
567 3159 697 3215 vocetur
716 3150 850 3216 studium
870 3152 965 3225 illud,
987 3171 1050 3234 quo
1069 3154 1243 3226 adiicimus,
1262 3152 1464 3233 detrahimus,
1484 3164 1487 3171 '

461 3248 617 3302 mmmm
646 3236 746 3299 iniis
771 3256 850 3319 quae
875 3235 1058 3318 scripsimus.
1102 3239 1151 3303 De
1178 3258 1215 3301 ea
1240 3239 1307 3321 agit
1327 3241 1462 3319 Quintil.
1499 3282 1503 3295 ·

385 3373 387 3376 .
465 3339 518 3398 ro,
541 3340 572 3400 4.
593 3320 864 3386 —mndatam
887 3324 1178 3403 pronuntiationem
1202 3324 1344 3401 Quintil.¹
1367 3346 1415 3401 ιι,
1431 3344 1461 3406 3,

461 3422 516 3485 30.
545 3409 655 3481 vocat,
681 3424 761 3487 quae
786 3407 866 3469 vitio
885 3418 1005 3480 carent,
1032 3407 1168 3472 tifuerit
1191 3429 1229 3473 os
1250 3411 1461 3493 explanatum,

462 3492 651 3566 Iucundum,
676 3490 845 3569 urbanum,
874 3491 905 3555 h.
925 3514 953 3555 e.
973 3493 1007 3556 in
1027 3512 1091 3577 quo
1115 3497 1201 3559 nulla
1221 3515 1322 3580 neque
1340 3498 1460 3568 rustici·

461 3585 510 3641 tas
532 3578 634 3660 neque
655 3577 867 3659 peregrinitas
885 3577 1020 3644 resonet.
1098 3637 1107 3655 ,

695 3735 697 3740 ·
793 3711 1118 3803 Enthymema.

542 3830 615 3900 Viri.
635 3847 707 3896 voc.
729 3828 904 3909 Sententia,
928 3836 962 3899 in
981 3854 1046 3920 quo
1064 3836 1139 3900 ioco
1155 3834 1320 3901 Ciceronis
1332 3826 1456 3903 senten·

290 3930 293 3934 '
324 3960 334 3993 ·.
454 3917 531 3982 tiam
551 3915 723 4000 posuimus.
765 3919 965 4000 Quintiliano
986 3922 1054 3986 Lib.
1074 3935 1103 4001 5,
1129 3939 1176 3985 ro.
1202 3921 1389 4007 enthymema
1410 3924 1455 3989 est

344 4012 348 4037 ³
452 4000 573 4085 species
595 4011 871 4086 argumentorum,
899 4026 939 4072 ex
962 4017 1067 4069 mente
1094 4005 1305 4081 Graecorum,
1333 4010 1385 4091 qui
1405 4006 1464 4078 τί,

285 4091 290 4105 “
451 4108 546 4158 creor
567 4088 627 4152 tria
644 4108 765 4173 genera
783 4090 1027 4168 constituebant,
1056 4084 1275 4175 ἐνθυμήματα,
1298 4086 1454 4177 ἐπιχειρῆ.

445 4195 551 4250 ματα,
572 4166 747 4249 ἄποδάέας.
810 4176 1038 4259 Interpretatur
1058 4179 1089 4246 is,
1108 4181 1233 4261 quidem
1255 4192 1452 4246 commentum
1516 4215 1519 4219 .

393 4271 396 4278 ·
422 4255 780 4334 scommatum,
802 4270 891 4341 putat
912 4272 1015 4337 tamen
1037 4265 1150 4328 melius
1162 4286 1309 4353 graecum
1331 4285 1461 4348 numeri¹

299 4386 302 4392 .
432 4341 572 4409 seruari.
614 4343 732 4426 Τείως
752 4346 860 4424 modis
873 4347 962 4428 iilud
985 4353 1068 4438 apud
1094 4348 1236 4424 Graecos
1264 4353 1327 4422 dici
1348 4363 1460 4519 potet..

305 4465 308 4471 ·
446 4493 449 4498 ,
549 4499 551 4504 ,
743 4475 746 4484 -
1167 4501 1170 4508 ,
1331 4455 1345 4502 ι
1382 4457 1448 4522 quo
