3534 5375
653 778 657 788 Ι
728 654 1082 755 talemaro·
1225 606 1233 615 ⁸
1336 701 1404 750 m
1486 701 1490 712 ·

387 856 606 950 Rhetorica,
622 873 663 934 et
679 836 786 932 tanto
802 857 1003 933 hominum
1017 859 1313 938 doctillimomm
1328 861 1401 940 stu⁴

386 986 457 1061 dio
476 1002 652 1074 tractata,
690 1001 729 1058 et
755 1001 832 1056 tam
857 981 1030 1085 [iugulari
1053 1011 1143 1061 cum
1167 995 1343 1064 acumine
1360 1009 1400 1066 et
1456 1006 1460 1011 ’

348 1199 350 1217 ³
388 1103 473 1186 arte
495 1107 646 1186 exculta
667 1105 914 1210 perfectaque
930 1107 1055 1185 fuerit.
1109 1100 1277 1185 Primum
1299 1103 1401 1191 enirn

383 1240 514 1311 ¹omnis
534 1233 598 1309 illa
616 1233 769 1317 dicendi
783 1231 941 1308 facultas
958 1255 1038 1309 erat
1053 1226 1251 1327 eiusmodi,
1277 1248 1400 1340 utqui
1462 1332 1470 1341 Ι,

388 1384 437 1437 ea
452 1359 636 1464 polleret,
662 1384 742 1434 non
766 1350 886 1431 solum
909 1359 1112 1463 utilisslmus
1134 1366 1295 1453 ciuitati,
1335 1362 1401 1439 sed

388 1505 430 1561 et
446 1483 595 1558 summis
619 1482 830 1559 honoribus
853 1489 1102 1587 omniumque
1124 1492 1264 1562 ciuium
1279 1489 1399 1568 admi-

384 1615 537 1685 ratione
568 1606 799 1710 digniffimua
835 1607 1051 1683 haberetur.
1119 1610 1277 1685 Deinde
1308 1617 1398 1688 artis

384 1732 652 1810 informandae
685 1730 947 1807 difficultatem
980 1733 1086 1807 illud
1102 1740 1266 1809 maxime
1294 1735 1420 1811 leua-·
1491 1798 1496 1812 ,

379 1858 473 1952 bat,
510 1857 616 1960 quod
635 1880 747 1932 tuam
763 1882 845 1931 rem
860 1856 1091 1958 propofitam
1108 1858 1315 1961 habebant,
1348 1861 1398 1938 ad

322 2058 327 2065 ,
376 1987 648 2091 quamomnia
674 1976 790 2054 animi
813 1990 1010 2060 contentio
1028 1982 1248 2079 referretur,
1277 2014 1397 2090 prae·

384 2116 663 2211 captorumque
691 2126 796 2183 certa
818 2114 915 2184 ratio
939 2108 1306 2185 accommodaretur.
1325 2112 1327 2116 ’

377 2370 380 2377 “
462 2357 542 2429 lam
568 2333 680 2447 tero,
722 2355 816 2457 quid
843 2338 925 2431 nos¹
946 2345 1396 2435 hodie‘istorum'fimile

308 2482 319 2490 ”
381 2478 609 2580 habeamus,
650 2478 874 2557 facillimum
895 2487 966 2557 erit
989 2480 1228 2583 cognoscere.
1291 2488 1396 2556 Nun·
1495 2544 1507 2561 .

383 2630 502 2710 quiam
516 2594 628 2707 'apud
661 2631 752 2699 noa,
806 2613 1004 2681 immutata
1032 2607 1247 2709 republica,
1296 2607 1398 2682 illius

315 2734 320 2743 ’
375 2732 647 2833 eloquentiae,
684 2730 735 2805 de
751 2726 1031 2834 qua'dixirnue,
1059 2732 1129 2807 'vel
1156 2731 1235 2808 vius
1251 2734 1311 2807 vel
1326 2733 1399 2807 ho-

379 2883 464 2960 nos·
482 2855 616 2958 aliquis
638 2862 773 2932 extitit.
828 2858 951 2932 Vnam
976 2856 1398 2959 eloquentiamlacram

322 3001 327 3024 ¹
375 2983 582 3074 ¹habemus,
628 3005 729 3082 quae
760 2977 915 3081 publica
944 2986 985 3051 in
1017 2988 1225 3073 concione,
1268 3002 1307 3056 et
1337 2982 1395 3055 di·
1457 3070 1461 3075 1

381 3107 529 3197 cando,
566 3105 643 3180 hoc
670 3102 740 3197 est,
780 3128 874 3180 voce
897 3121 935 3177 et
957 3110 1127 3195 actione,
1171 3106 1395 3198 declaratur,

383 3233 448 3309 led
461 3230 518 3330 ab
541 3230 625 3322 illa,
669 3255 909 3320 cumrerum
932 3228 1180 3334 tum‘formae
1202 3236 1394 3323 varietate,

382 3356 555 3442 [iterum
569 3360 804 3457 quaerimus,
842 3343 1131 3427 diuerlillimam.
1184 3357 1248 3429 De
1270 3375 1397 3429 caete-

380 3486 432 3555 ris
456 3478 567 3555 rebus
587 3477 763 3555 omnibus
787 3505 866 3554 non
890 3478 1068 3569 dicimus,
1097 3477 1160 3553 sed
1182 3477 1395 3554 scribimus:

380 3630 464 3680 non
483 3604 679 3696 audimur,
722 3602 785 3680 sed
806 3602 986 3703 legimur:
1029 3627 1157 3704 neque
1182 3629 1312 3709 earum
1336 3591 1416 3679 res

303 3808 304 3818 ,
379 3754 485 3821 rum,
526 3733 568 3801 in
590 3728 727 3830 quibua
752 3726 988 3829 exponendis
1011 3727 1138 3827 aliqua
1163 3729 1395 3828 eloquentia,

343 3920 347 3924 .
380 3855 461 3932 ltoc
477 3850 567 3960 est,
591 3852 803 3954 perspicua,
833 3870 944 3952 apta,
977 3871 1127 3943 ornata,
1156 3858 1290 3953 grauis,
1315 3851 1397 3925 sua·

313 3968 322 3983 '
380 3985 515 4081 visque
530 3977 717 4052 tractandi
738 3961 1040 4076 enuntiandique
1064 3982 1160 4050 ratio
1180 3980 1395 4078 requiritur,
1484 4037 1491 4046 ,

380 4095 464 4181 tam
480 4097 653 4197 definita,
695 4122 735 4177 tt
757 4099 950 4177 caularum
964 4100 1056 4174 olim
1072 4098 1301 4193 forensium,¹
1329 4100 1396 4178 de·
1511 4091 1515 4104 ¹

325 4319 327 4326 Ι
363 4229 535 4330 .l'criptio
560 4224 623 4303 est.
649 4282 652 4290 ·
675 4230 789 4323 Sunt,
814 4232 883 4329 qui
908 4223 1075 4301 historias
1097 4246 1270 4299 narrant:
1312 4224 1396 4330 sunt

379 4355 467 4445 alii,
512 4357 579 4459 qui
608 4358 707 4442 ntae
730 4372 769 4430 et
798 4351 968 4427 moribus
998 4348 1182 4448 scribunt:
1240 4350 1305 4424 alii
1331 4355 1397 4449 qui

484 4461 487 4466 ⁸
551 4472 554 4478 ’
912 4472 985 4553 ba
1271 4473 1396 4575 philo·
