3534 5375
373 578 423 693 φ’
788 603 818 675 c
856 607 893 676 n·
931 601 982 676 v

239 842 254 849 -
348 722 473 852 Iram,
492 780 526 840 et
550 740 975 870 perpetuitatemquandam
1003 775 1083 840 dicit
1116 770 1182 841 Cic.
1206 777 1264 844 Or.
1287 781 1318 861 3‘,
1332 780 1406 870 2192
1455 775 1456 781 ’

245 893 250 907 =
373 866 413 934 In
435 865 547 927 eadem
567 884 603 927 re
625 866 721 928 verbo
739 863 845 927 aelim
870 863 950 926 dixit
974 860 1097 928 Seneca
1124 865 1184 945 Ep.
1207 879 1260 944 40.
1284 866 1339 929 vbi
1356 865 1391 938 id

301 1005 305 1012 .
375 951 547 1019 continuae
568 950 726 1014 orationis
745 948 937 1012 volubilitati
957 954 990 1011 et
1006 946 1114 1013 ‚cursui
1129 951 1322 1033 opponitur.
1387 988 1390 993 ·

735 1086 1028 1181 Cannutio.
1086 1088 1089 1093 ’

319 1256 323 1266 s
465 1202 576 1272 Genus
608 1204 685 1268 illud
712 1204 915 1278 facetiarum,
943 1206 1030 1288 quod
1057 1207 1091 1269 in
1120 1206 1210 1269 omni
1227 1277 1230 1287 Ι
1246 1205 1393 1270 sermono¹

381 1292 585 1375 aequabiliter
612 1289 713 1353 fusum
740 1288 793 1365 fit,
821 1311 924 1373 aquo
946 1291 1056 1354 differt
1070 1291 1238 1369 dicacitas,
1257 1312 1336 1375 quae
1356 1294 1393 1357 in
1431 1352 1434 1375 ,

378 1379 534 1444 breuitate
555 1387 702 1457 peracuta
720 1377 869 1438 cernitur.
890 1376 943 1440 sie·
963 1376 1109 1441 Cic-Or.
1132 1395 1162 1450 2,
1186 1381 1239 1457 54,
1269 1378 1393 1443 Ibidem

339 1473 345 1479 “
381 1484 460 1530 mox
480 1471 644 1543 utrumque
665 1479 769 1542 genus
797 1463 925 1526 variatis
955 1463 1059 1526 verbis
1080 1463 1123 1525 ita
1143 1482 1268 1545 quoque
1290 1465 1391 1546 expli·
1439 1534 1442 1539 ,

355 1586 357 1589 -
382 1560 488 1620 catur,
510 1556 543 1609 vt
560 1545 655 1620 illud,
679 1548 765 1629 quod
781 1549 1004 1639 cauillationcm
1024 1550 1154 1620 dixerat,
1175 1550 1209 1610 in
1229 1551 1392 1632 perpetui·

381 1643 449 1700 tate
469 1632 641 1708 sermonis,
654 1631 740 1696 baec
756 1641 863 1695 autem
883 1633 1031 1698 dicacitas
1053 1636 1088 1697 in
1107 1635 1268 1697 celeritate
1291 1642 1324 1698 et
1344 1637 1392 1698 di.

383 1719 439 1794 cio
458 1717 545 1792 insit,
567 1737 667 1800 porro
688 1726 721 1780 vt
741 1718 794 1789 illa
813 1724 962 1800 perpetua
975 1720 1150 1807 fasciatus,
1171 1738 1264 1802 quam
1284 1720 1393 1803 appel·¹

386 1808 450 1880 lat,
472 1806 648 1868 imitatores
668 1813 702 1867 et
721 1813 900 1867 narratores
921 1803 1041 1870 facetos
1062 1805 1173 1882 faciat,
1200 1806 1264 1868 hoc
1285 1815 1391 1869 autem
1461 1872 1464 1879 ,

388 1892 493 1956 facete
521 1887 649 1954 diliumv
668 1887 810 1953 emissum
831 1897 905 1952 ante
923 1889 1054 1954 haerere
1075 1890 1202 1965 debeat,
1223 1909 1315 1973 quam
1336 1912 1393 1959 co·

386 1977 493 2061 gitari,
508 1971 641 2056 potuisse
662 1977 814 2040 videatur.
864 1977 988 2056 Nempe
1008 1974 1120 2040 uiuum
1137 1977 1239 2040 veteri
1261 1976 1393 2060 loquen-

386 2060 666 2128 di-consuetudine
686 2064 817 2144 proprie
843 2081 904 2144 pro
930 2061 1032 2124 facete
1054 2071 1088 2124 et
1107 2059 1179 2123 salle
1201 2059 1289 2125 ditio
1308 2061 1391 2126 vsut·
1447 2144 1450 2148 Δ

387 2156 496 2233 patum
522 2145 600 2222 ene,
628 2146 721 2212 locus
748 2149 846 2212 Ennii
873 2146 1061 2219 aCicerone
1083 2148 1224 2211 laudatus
1244 2149 1392 2213 declarat,
1450 2179 1460 2195 ν

387 2237 483 2301 Vnde
515 2233 550 2297 in
575 2235 674 2297 Bruto
700 2248 752 2314 47.
779 2254 846 2298 cvm
870 2235 970 2298 aculco
1000 2243 1029 2306 ct
1056 2235 1134 2296 malr
1157 2232 1236 2296 ditio
1254 2233 1393 2318 fartim

389 2321 526 2404 aliquem
551 2319 638 2383 dicit.
666 2318 710 2383 cf.
740 2320 830 2384 Orat.
858 2316 909 2381 26.
941 2318 1075 2396 Quintil.
1098 2316 1130 2390 6,
1154 2337 1182 2399 3.
1212 2316 1259 2382 16.
1285 2327 1320 2382 et
1339 2317 1391 2400 36.

390 2417 425 2470 et
451 2426 531 2489 quae
559 2407 741 2468 notauimuc
771 2406 805 2466 in
834 2406 907 2467 Lex.
929 2424 977 2484 gr.
1000 2405 1129 2472 advoc.
1150 2397 1254 2486 χαίρω.
1278 2438 1319 2456 -·
1341 2408 1393 2469 Do
1441 2418 1457 2487 ‚t

389 2493 450 2554 alia
482 2490 625 2554 vocabuli
657 2487 886 2571 lignisrcatione
913 2492 951 2550 ad
987 2490 1147 2554 molestam
1171 2502 1214 2552 ‘et
1251 2492 1393 2572 putidam

389 2576 547 2642 orationis
561 2579 797 2651 accurationem
816 2574 996 2657 pertinente
1014 2577 1084 2638 vids
1096 2595 1174 2657 quae
1199 2578 1326 2641 aii-voc.
1344 2597 1393 2644 cua

300 2710 302 2716 ,
390 2663 537 2729 uariam·
559 2659 641 2728 ditta
662 2658 742 2726 lunt.
965 2682 977 2700 ¹·
1018 2689 1024 2702 ·
1082 2695 1085 2700 ·
1381 2683 1390 2722 t

730 2828 742 2885 j
809 2800 970 2902 Consu.

394 2977 399 2988 .
476 2918 604 3000 Duplex
632 2917 727 2982 huius
760 2910 906 2983 vocabuli
934 2920 989 2992 vis¹
1013 2917 1075 2992 est,
1101 2938 1180 3001 quae
1207 2918 1333 3001 quidem
1353 2919 1394 2983 ad

391 3006 489 3082 hanc,
508 3024 602 3089 quam
621 3002 806 3082 tractamus,
825 3005 1065 3087 technologiam
1087 3004 1276 3069 rhetoricam
1297 3005 1393 3085 perti·

392 3102 476 3155 neat.
519 3091 600 3157 Nam
621 3093 758 3173 primum
779 3088 869 3175 carisa
893 3093 1008 3155 dicitur
1029 3092 1159 3155 materia
1182 3091 1317 3163 dicendi,
1339 3089 1394 3155 seu

392 3184 615 3260 argumentum
634 3177 737 3259 quoad
755 3177 893 3241 dicendo
915 3177 1064 3259 explicari
1083 3185 1175 3259 atque
1193 3172 1319 3249 ¹tractari
1339 3177 1393 3238 de·

393 3265 465 3337 bet,
486 3261 666 3344 praesertim
685 3263 718 3324 in
741 3263 835 3330 rebus
855 3264 1020 3337 ciuilibus,
1048 3281 1126 3345 quae
1147 3257 1197 3323 vel
1217 3280 1335 3323 coram·
1347 3262 1395 3325 iu.
1438 3332 1448 3337 ..

393 3349 520 3412 dinibus·
538 3346 588 3410 vel
614 3348 647 3409 in
665 3349 824 3412 concione
843 3348 1067 3431 disceptantur.
1112 3348 1205 3415 Vnde
1223 3344 1305 3410 dicta
1325 3345 1395 3412 sunt

351 3485 353 3491 Α
390 3453 508 3515 gatera
527 3430 686 3515 cutfiirum
705 3436 782 3507 tria,
801 3434 1058 3509 deliberatiuam,
1081 3433 1242 3506 iudiciale,
1261 3434 1394 3495 demon·

393 3520 565 3582 lhafiuum.
588 3537 617 3579 v.
646 3517 742 3584 Aust.
762 3520 801 3581 ad
820 3521 961 3583 Herenu.
986 3538 1014 3592 1,
1035 3536 1064 3583 2.
1085 3519 1136 3582 vel
1157 3520 1217 3582 alia
1237 3538 1277 3580 ex
1296 3520 1393 3584 tatio-

320 3607 324 3613 ’
393 3624 454 3677 ne,
484 3610 635 3686 quatuor,
660 3602 843 3678 honestum,
869 3613 977 3687 turpe,
997 3606 1150 3678 dubium,
1167 3603 1297 3667 bumile
1317 3604 1393 3667 ibid.-
1445 3678 1446 3682 Ἰ

371 3690 468 3772 'Cap
491 3706 521 3770 3.
557 3688 647 3753 Talis
668 3689 774 3776 caula,
800 3699 897 3771 prout
916 3691 953 3753 ab
971 3701 1099 3756 oratore
1121 3689 1270 3757 tractatur
1289 3690 1323 3751 in
1345 3690 1393 3753 iu·

391 3776 478 3849 dicio
499 3774 551 3838 vel
570 3776 749 3851 concione,
777 3796 818 3852 ex
837 3776 997 3860 disciplina
1016 3779 1180 3843 Ciceronis
1202 3777 1242 3838 de
1268 3776 1393 3839 Inueni.

393 3880 424 3935 n,
453 3879 501 3927 12.
530 3860 574 3925 cst
595 3862 646 3924 vel
666 3861 813 3947 stmpicx,
840 3882 920 3946 quae
950 3863 1119 3929 absolutam
1144 3866 1178 3926 in
1196 3861 1227 3924 se
1248 3862 1394 3924 continet

389 3965 482 4011 vuam
501 4015 503 4021 s
520 3944 731 4023 uaestionem,
755 3948 997 4022 vel'ccniuaiia,
1018 3972 1057 4013 ex
1080 3950 1221 4033 pluribus
1240 3946 1393 4029 quaestio·

389 4033 482 4097 nibus
499 3968 526 4097 ‘i
546 4033 692 4106 statibus,
713 4045 767 4097 aut
786 4056 826 4098 ex
847 4035 948 4117 aliqua
965 4039 1190 4118 concineratione
1209 4035 1243 4095 in
1260 4050 1318 4114 qua
1333 4050 1392 4114 pet·

389 4120 631 4183 contentionem
656 4122 922 4203 vtrum'potius,
945 4129 999 4184 aut
1027 4124 1100 4204 quid
1127 4118 1317 4205 potissimum
1343 4116 1391 4192 fit,

389 4204 556 4283 quaeritur.
585 4205 626 4268 cf.
653 4205 787 4282 Quintil.
809 4223 839 4286 3,
865 4224 914 4270 ro.
946 4206 999 4270 vbi
1020 4218 1054 4271 et
1072 4208 1314 4290 cctnparatiuum
1335 4224 1391 4282 ge-

383 4304 451 4352 nus
480 4290 638 4355 causarum
667 4300 911 4365 commemorat,
938 4312 1011 4355 cum
1039 4296 1197 4377 quaeritur
1216 4312 1245 4353 v.
1270 4310 1299 4351 c.
1322 4299 1391 4353 vter

390 4371 582 4466 haereditate
611 4378 747 4459 dignior.
764 4379 818 4456 lit3
851 4396 927 4464 quo,⁸
941 4388 975 4442 et
995 4380 1157 4463 pertinent
1174 4377 1390 4523 diuinationgn

572 4501 576 4508 ·
780 4501 789 4518 ι
846 4519 848 4524 .
901 4498 905 4505 -
1190 4495 1192 4501 ν
1373 4481 1393 4524 e
