3534 5375
373 644 468 699 xxiv
702 608 1041 704 PRAEFATIO
1136 583 1138 593 Ι

268 793 270 800 ’
373 817 573 916 pientique
584 811 744 888 delectu
766 811 1055 916 congesserunt?
1104 817 1153 891 Et
1168 814 1384 892 oum'multi

372 938 445 1016 fint
469 923 680 1011 nostrorum
698 937 917 1028 hominum,
944 943 1011 1040 qui
1032 957 1202 1013 veterum
1223 937 1382 1039 discipli-

281 1157 285 1169 γ
372 1088 463 1136 nam
478 1062 720 1138 Rhetoricam
736 1062 785 1135 ad
802 1063 1046 1164 eloquentiae
1064 1067 1178 1137 etiam
1193 1068 1382 1137 recentio-

373 1191 424 1260 ris
449 1184 550 1259 vsum
578 1173 782 1287 plurimum
814 1186 939 1260 valere
969 1184 1197 1278 existiment,
1247 1186 1383 1289 quidni

275 1293 277 1296 Ι
325 1310 328 1316 ’
373 1302 414 1387 et
437 1310 546 1401 vtile,
592 1322 632 1382 et
656 1305 745 1382 vero
769 1313 884 1383 etiam
905 1307 1153 1386 necessarium
1176 1306 1250 1385 elle
1272 1329 1383 1412 pute·

360 1415 476 1525 mus,
507 1453 546 1505 rt
561 1456 609 1506 ex
632 1431 703 1506 illis
725 1431 829 1507 libris
852 1442 1029 1509 acaurate
1044 1432 1266 1534 descriptam
1283 1435 1384 1511 Rhe·

273 1535 280 1542 ,
374 1564 537 1634 toricam
565 1559 738 1631 Latinam
765 1556 992 1650 habeamus,
1053 1583 1153 1661 quae
1180 1559 1383 1636 iuuenibus

357 1682 530 1775 tradita,
568 1700 718 1756 etcum
744 1689 831 1757 artis
848 1684 1126 1768 Grammaticae
1149 1679 1383 1760 institutione

376 1810 600 1897 coniuncta,
652 1811 882 1897 Latinitatis,
941 1808 1017 1885 hoc
1055 1807 1108 1884 est
1143 1808 1412 1911 eloquentiaes

309 2000 311 2007 .
376 1935 500 2010 omnis
523 1930 664 2006 latinae
683 1957 809 2006 veram
845 1930 1007 2006 fonnam
1040 1953 1079 2006 at
1110 1938 1313 2033 imaginem
1343 1941 1385 2014 in

376 2061 563 2132 iuuenum
590 2060 723 2131 animis
748 2055 942 2130 absoluat?
1011 2060 1085 2131 Hic
1116 2058 1199 2130 talis
1220 2057 1383 2159 libellus,

305 2174 308 2182 ‘
376 2206 493 2284 quem
509 2181 903 2282 egoArohaeologiam
917 2180 1145 2256 rhetoricam
1159 2181 1307 2258 inscribi
1322 2211 1384 2263 ve·

254 2340 265 2373 a
376 2308 462 2397 lim,
506 2304 628 2396 (scribi
650 2311 770 2396 enim,
807 2304 915 2406 quod
930 2303 1046 2379 literis
1072 2325 1111 2380 et
1134 2304 1225 2407 sono
1248 2335 1384 2412 parum

376 2432 426 2507 ab
449 2430 528 2519 illo,
550 2427 653 2503 sensu
669 2449 799 2505 autem
813 2429 1049 2533 aliquantum
1064 2427 1201 2522 differt,
1228 2433 1276 2507 ab
1294 2435 1382 2528 alio,

316 2586 336 2652 Q
378 2580 506 2656 eoque
523 2551 753 2646 doctissimo,
803 2555 948 2650 malim)
971 2574 1122 2658 praeter
1144 2555 1252 2630 illum
1272 2557 1385 2653 vsum,

273 2729 276 2735 ·
376 2660 478 2761 hanc
501 2705 658 2786 quoque
688 2678 882 2781 duplicem
906 2679 1104 2754 vtilitatem
1128 2679 1304 2774 habebit,
1347 2706 1386 2759 vt
1445 2663 1447 2666 ’

316 2864 319 2868 -
377 2816 543 2913 primum
558 2804 670 2882 instar
684 2804 758 2879 elle
779 2805 892 2906 possit
905 2810 1187 2912 commentarii,¹
1225 2808 1325 2883 vnde
1342 2816 1387 2883 ti.

377 2961 492 3010 rones
521 2933 732 3007 Rhetorum
763 2949 802 3005 et
822 2934 1029 3006 Oratorutn
1051 2948 1220 3004 veterum
1243 2930 1388 3008 facilio-

294 3107 297 3118 ·
363 3077 462 3134 'rem
485 3056 835 3158 accuratior'emque
857 3059 1212 3156 interpretationem
1231 3078 1387 3157 petant:

293 3267 296 3274 ,
376 3182 536 3275 deinde,
568 3202 623 3273 vt,
654 3208 741 3259 cum
762 3180 865 3255 illam
889 3179 1089 3281 sapientiae
1112 3179 1388 3281 doctrinaeque

377 3308 520 3413 priscae
547 3308 665 3380 veluti
694 3306 824 3379 siluam
852 3304 1045 3404 quandam
1077 3322 1115 3379 et
1142 3309 1292 3405 copiam
1321 3331 1400 3386 oc·¹

325 3485 327 3489 .
377 3437 621 3534 cupauerint,
661 3428 804 3512 exinde
819 3428 1065 3529 depromant,
1096 3428 1232 3528 quibus
1253 3432 1293 3502 in
1308 3456 1389 3506 ver·

377 3554 516 3633 nacula
549 3559 663 3629 etiam
697 3552 851 3627 dicendi
882 3557 1031 3627 ratione
1067 3570 1228 3642 vtaptur.
1272 3558 1389 3644 *Nam

374 3675 577 3783 ‘Ciceronis
599 3700 638 3752 et
654 3679 880 3776 Quintiliani
902 3675 1092 3752 thesauros
1116 3676 1202 3751 illos
1225 3677 1389 3786 rhetori·

376 3834 447 3886 cos
468 3804 586 3880 hodie
600 3803 774 3878 nondum
797 3808 850 3876 ita
872 3798 1061 3895 excussos,
1105 3801 1165 3878 val
1188 3803 1388 3883 exhaustos

318 3949 320 3958 '
378 3931 473 4024 elle,
521 3949 559 4005 vt
588 3953 670 4006 non
701 3925 768 4003 nist
792 3927 1017 4031 quisquiliae
1051 3899 1210 4018 lateant,
1257 3927 1396 4024 scient,¹

378 4066 447 4162 qui
464 4054 691 4157 compendia
705 4058 963 4129 recentiorum
978 4051 1186 4143 rhetorica,
1221 4050 1281 4130 vel
1297 4077 1388 4127 cuns

378 4183 439 4259 his
460 4181 620 4285 copiolis
642 4171 793 4270 nostris,
833 4202 927 4279 quas
950 4181 990 4248 in
1005 4175 1082 4251 hoc
1097 4183 1213 4276 opere
1228 4176 1389 4272 techno-

376 4310 505 4414 logico
522 4302 780 4414 exposuimus,
822 4326 1042 4409 comparare
1065 4300 1193 4378 velint.
1296 4343 1298 4348 ·

1229 4589 1232 4594 ·
1311 4546 1389 4628 Sed
