3534 5375
368 593 485 701 ‚39⁶
826 591 994 707 ΤΗ
1045 592 1084 721 3⁴

744 762 1089 852 Testimonium.
1186 794 1196 829 .·

501 879 650 948 Ciceroni
674 882 706 945 in
733 882 869 966 Topicis
897 883 973 969 Cap.
997 898 1045 962 19.
1074 881 1118 946 est
1140 902 1237 948 omne
1256 883 1311 960 id,
1333 883 1425 969 quod

414 965 452 1032 ab
473 968 629 1051 aliquare
651 979 780 1058 externa
800 967 929 1055 sumitur
948 969 986 1032 ad
1009 969 1183 1032 faciendam
1196 967 1308 1047 fidem.
1331 973 1425 1035 Haec

413 1054 644 1137 argumentatio
667 1055 770 1130 enim,
790 1056 823 1118 in
844 1053 1159 1138 testimonla-ponta,
1196 1060 1314 1137 expers
1327 1058 1424 1122 'onir

390 1138 393 1150 '
414 1151 564 1217 vocatur,
582 1162 623 1207 ex
651 1139 811 1223 disciplina
832 1138 1044 1214 Graecorum,
1066 1142 1119 1222 qui
1138 1136 1255 1212 clareia
1275 1134 1423 1219 ἱτίχνῖιξ

415 1229 630 1307 appellarunt,
643 1227 758 1290 'latiori
778 1228 905 1308 quidem
924 1225 1029 1299 sensu,
1052 1236 1086 1288 vt
1107 1227 1140 1288 in
1155 1229 1230 1293 Le'x.
1245 1246 1295 1308 gr.
1312 1227 1422 1293 techni

413 1312 453 1373 ad
475 1330 544 1380 voc·
563 1315 664 1384 πίστις
685 1311 889 1377 ostendimur.
938 1313 1091 1390 Quamuis
1113 1323 1146 1376 et
1171 1310 1286 1376 Cicero
1305 1315 1345 1377 ad
1368 1313 1421 1379 rer

414 1396 486 1461 illae
507 1411 652 1464 externas
672 1397 819 1487 pleraque
839 1397 956 1474 refert,-
973 1416 1051 1480 quae
1070 1397 1183 1464 Graeci
1203 1399 1250 1461 illi
1266 1399 1305 1462 ad
1319 1399 1419 1465 lidenr

414 1481 589 1563 faciendam
607 1483 882 1575 aptaludlcarent.
903 1482 943 1546 ci
964 1485 1068 1548 Partit.
1099 1486 1186 1569 Orat,
1207 1485 1283 1565 Cap.
1312 1502 1342 1550 a.
1366 1482 1418 1550 vbi

367 1613 369 1616 -
414 1571 612 1657 testimonium
638 1572 672 1635 ln
698 1570 841 1632 diuinum
863 1578 897 1631 et
927 1569 1095 1633 humanum
1128 1569 1347 1652 distinguitur,
1385 1580 1436 1651 et,

414 1663 454 1725 nd
472 1671 635 1740 utrumque
655 1674 723 1719 non
743 1651 843 1718 solum
864 1655 1003 1730 oracula,
1021 1654 1171 1740 auspicia,
1207 1655 1258 1719 led
1284 1666 1318 1720 et
1344 1655 1416 1723 lori·

415 1761 487 1835 pra,
504 1740 610 1831 pana,
627 1737 794 1829 promissa,
813 1741 929 1818 iurata,
949 1740 1094 1826 quaein,
1114 1743 1307 1815 referuntur,

634 1876 659 1887 ''
722 1858 749 1879 '¹
789 1876 1040 1969 Titinnius.
1168 1952 1193 1963 Α,

417 2052 420 2061 .
487 1996 575 2071 'Vox
589 1996 830 2079 ,Quintilianea,
854 2019 895 2062 ex
921 1998 989 2068 bib,
1012 2015 1086 2079 Μ·
1108 2014 1140 2082 9·
1160 1999 1273 2065 vitium
1297 2010 1417 2071 notam

413 2109 526 2159 eorum
543 2087 747 2175 scriptorum,
782 2087 835 2169 qui
854 2072 1018 2170 ”nablia
1039 2082 1141 2164 uuiti,
1173 2088 1418 2171 compositionis

415 2177 684 2256 concinnitatem,
700 2191 851 2239 numeros
871 2182 911 2237 et
923 2184 1054 2237 ornatus
1073 2172 1233 2239 ambitiose
1248 2173 1417 2253 scitantur.

413 2267 477 2332 vid
497 2285 575 2348 quae
596 2262 629 2325 in
649 2261 724 2327 Lex.
744 2279 793 2342 gr.
814 2260 920 2324 techn.
938 2261 975 2322 ad
1001 2250 1136 2332 auidum
1156 2262 1304 2329 diximus.
1342 2266 1417 2331 Hoc

288 2350 295 2372 ‘
413 2361 447 2417 et
467 2355 596 2417 tinnitus
617 2346 774 2415 Gallionis
794 2348 972 2428 pertinent,
992 2349 1232 2413 commemorati
1243 2349 1283 2415 ab
1299 2354 1418 2419 eodem

414 2441 549 2518 Quintil.
572 2455 603 2518 3,
627 2452 653 2500 ι.
677 2449 727 2505 at.
755 2444 789 2498 et
813 2434 941 2517 repetiti
967 2433 1006 2499 ab
1031 2431 1125 2501 Aust.
1144 2434 1227 2501 Dial.
1243 2438 1419 2506 'dc-Oratt.

412 2526 489 2612 cap.
514 2520 564 2590 26.
585 2523 637 2589 vbi
657 2520 721 2586 vid.
747 2518 930 2587 Schulziur,

673 2656 869 2726 sonore.
912 2652 1148 2727 vidl‘rrruir.
1214 2727 1217 2732 ,
1319 2707 1321 2713 .
1398 2743 1402 2752 ,

782 2798 1042 2886 Torqaern

494 2926 533 2993 ln
553 2905 774 2989 contentionis
789 2916 948 2982 oratoriae
966 2926 1057 3001 parte·
1077 2937 1131 2997 ea,
1157 2938 1235 3004 quae
1256 2920 1290 2985 in
1309 2923 1416 2995 conti,

411 3015 564 3081 nuatione
583 3009 742 3081 cernitur,
763 3005 861 3089 qualis
882 3022 946 3094 vox
965 3003 1100 3069 dicentis
1121 3001 1181 3070 else
1201 3006 1331 3087 debeat,
1356 3011 1415 3078 do·

411 3099 519 3169 Ptnrus
541 3093 664 3165 Auctor
686 3094 826 3159 Herenn.
853 3105 882 3168 3,
909 3090 1211 3180 t4..itajpraecipit:
1233 3093 1341 3174 „Cum
1360 3117 1414 3182 an,

411 3198 477 3264 tem
505 3183 699 3249 contendere
717 3176 909 3262 oportebit;'
930 3178 1079 3259 quoniam
1103 3178 1134 3241 id
1157 3189 1211 3243 aut
1230 3200 1289 3262 per
1310 3177 1414 3260 conti·
1448 3233 1452 3256 ,

411 3269 613 3341 nuationem,
639 3275 692 3330 aut
710 3278 766 3348 per
792 3262 1049 3328 distributionem
1076 3262 1255 3332 laciendum
1279 3265 1351 3332 esta*
1379 3269 1414 3335 in

413 3355 670 3427 continuatione,
700 3347 839 3416 adausto.
859 3350 1063 3414 mediocritei
1093 3349 1171 3414 sono
1196 3352 1304 3426 vocis,
1342 3373 1413 3419 ver·

409 3443 461 3510 bie
486 3438 726 3511 continuandis,
758 3455 858 3499 vocam
887 3453 1002 3519 quoque
1029 3438 1152 3521 iungere
1169 3435 1349 3520 'oportebit,
1383 3448 1414 3506 rt

412 3538 554 3613 torquere
562 3523 690 3610 sonum,
727 3531 760 3583 et
779 3520 925 3583 celeriter
945 3539 1017 3583 cum
1036 3523 1174 3595 clamore
1196 3521 1290 3594 verba
1308 3525 1413 3589 conli-
1475 3560 1480 3570 ·

412 3633 505 3689 cere,
531 3621 566 3673 vt
588 3611 651 3671 vim
675 3604 846 3669 volubilem
872 3605 1027 3671 orationis
1049 3606 1237 3681 vociferatio
1263 3610 1415 3695 consequi

409 3696 540 3784 poffit.“
584 3695 619 3760 Si
648 3689 810 3754 aeritimile
827 3688 920 3767 effett
945 3691 1122 3768 castorem,
1138 3713 1210 3758 cum
1230 3694 1338 3777 paullo
1360 3716 1415 3762 an·

410 3794 581 3849 traaucem
601 3800 623 3845 a
630 3776 770 3865 sermone
789 3771 872 3857 sario
898 3778 943 3843 ad
958 3778 1120 3844 liberrimi
1146 3783 1243 3845 iocum
1270 3790 1413 3865 torquen-

411 3872 503 3948 dam,
534 3869 564 3933 h.
592 3887 619 3930 e.
651 3864 878 3934 inclinandam,
919 3864 1159 3939 immutandam,
1195 3866 1411 3949 praecepiffet,

410 3959 519 4044 paucis
538 3951 676 4016 versibus
697 3948 888 4021 interiettie,
914 3957 1054 4032 torquere
1070 3948 1198 4033 forrum,
1225 3951 1289 4015 alio
1312 3951 1413 4031 l'ensu,

410 4043 532 4125 aliaque
562 4037 742 4121 metaphora
770 4030 893 4107 dixisse,
925 4036 966 4098 de
992 4035 1033 4097 du
1057 4036 1111 4100 lici
1137 4036 1205 4100 fere
1225 4039 1415 4120 metaphora

411 4127 547 4211 cogitari
569 4123 686 4208 pollet,
713 4139 842 4205 quarum
861 4119 957 4183 altera
977 4119 1018 4183 du
1088 4122 1204 4185 afune
1228 4131 1336 4198 torto,
1365 4143 1415 4189 ar.

409 4211 522 4280 itioris
542 4200 780 4281 cohaerentiae,
811 4214 844 4268 et
868 4205 1027 4289 longioris
1047 4225 1147 4271 nexus
1167 4209 1337 4272 notionem
1359 4211 1433 4275 ad·¹

411 4299 526 4373 ferret,
545 4299 658 4370 altera,
682 4314 741 4379 qua
762 4292 916 4373 iaculum,
943 4291 1058 4369 telum,
1076 4294 1157 4356 hasta
1176 4298 1314 4377 torqueri
1335 4296 1415 4361 diciss

411 4393 481 4462 tur,
502 4387 635 4451 acrioria
654 4388 789 4446 conatur
814 4390 848 4441 et
868 4379 1011 4461 impetur¹
1029 4378 1291 4466 fignificationem
1317 4380 1416 4447 habe·

424 4476 426 4482 ’
1354 4476 1419 4539 rat,
