3534 5375
397 675 401 683 ·
646 697 650 707 ,
713 623 811 727 El.
852 611 885 694 d
927 679 932 698 .
1231 632 1299 718 147¹
1385 660 1387 663 v
1508 710 1511 719 q

289 780 523 871 nto'nstrntiuo,¹
539 781 577 860 et
600 797 759 881 iudiciali3
791 793 898 881 partes
919 780 1294 878 autem,'lnuentlonem,

242 952 248 962 .
288 881 544 962 dispositionem,
584 883 817 959 elocutionem,
852 885 1064 957 memoriam,
1108 885 1292 967 pronuntia·
1393 908 1424 965 j
1508 893 1510 901 “

289 966 430 1039 tionem,
452 967 528 1031 facit
548 966 622 1052 Cap.
645 983 680 1050 7.
707 997 764 1019 -·
778 969 879 1052 Saepe
901 988 978 1047 vero
1003 969 1096 1042 etiarn
1125 972 1293 1053 eloquentia

289 1046 450 1133 speciatim
479 1053 595 1117 dicitur
625 1075 686 1137 pro
710 1053 827 1121 v‘irmte
856 1055 976 1118 oratori
999 1056 1144 1137 propria,
1165 1073 1224 1135 qua
1244 1074 1295 1134 ea,

290 1152 369 1220 quae
396 1157 454 1219 per
479 1139 686 1220 prudentiam
702 1151 736 1205 et
761 1159 892 1204 acumen
919 1141 1042 1219 inuenit
1068 1138 1292 1221 et'disposuit,
1381 1187 1385 1191 «

289 1223 385 1285 etlam
405 1233 513 1287 ornate
529 1226 622 1289 dicat.
687 1226 781 1295 Vnde
810 1227 923 1300 Cicero
936 1226 976 1287 'in
995 1225 1083 1290 Orat.
1112 1239 1160 1302 14.
1181 1225 1295 1293 inuen-¹

290 1309 414 1372 tionem
436 1301 560 1391 quidem
582 1320 615 1375 et
634 1311 871 1396 dispositionem
895 1305 1220 1393 prudentisbominis
1233 1329 1292 1392 pu·

239 1460 241 1465 ,
289 1401 351 1467 tat,
391 1397 588 1477 eloquentiam
615 1405 720 1462 autem
746 1399 907 1469 oratori55
941 1414 1034 1479 quem
1060 1394 1168 1459 locum
1186 1395 1293 1464 attulit

289 1478 424 1554 Quintil.
449 1477 516 1551 Lib.
539 1485 569 1555 8.
588 1502 733 1565 prooem.
755 1485 937 1564 praecipuas
966 1482 1104 1545 oratoris
1131 1488 1235 1564 partes
1255 1482 1292 1546 in
1407 1526 1410 1531 -

288 1565 446 1647 eloqnmao
467 1573 501 1627 et
521 1568 679 1631 elocutione
700 1569 873 1632 collocans.
917 1570 954 1632 In
982 1568 1083 1630 bruto
1111 1575 1217 1629 autem
1240 1566 1293 1630 ci·
1322 1565 1334 1575 “’

288 1668 365 1712 cero
394 1649 467 1731 Cap.
497 1668 527 1731 7.
560 1670 652 1734 quam
667 1654 878 1739 eloquentiane
907 1651 1005 1715 modo
1040 1652 1178 1729 dixerat,
1220 1671 1291 1715 eant

248 1819 250 1824 Ι
289 1731 505 1822 paulopost,
524 1737 662 1800 variandi
683 1742 798 1822 gratia,
825 1736 942 1819 dicendi
962 1738 1023 1800 uim
1044 1745 1079 1800 et
1100 1739 1217 1819 coptam
1238 1757 1293 1819 ap·
1349 1795 1354 1802 ,
1386 1736 1388 1742 ’
1487 1807 1491 1811 ,

288 1819 402 1902 pellat,
447 1839 513 1884 non
540 1821 669 1886 obscure
698 1822 893 1907 significans,
932 1824 965 1885 in
986 1823 1036 1886 his
1057 1822 1291 1886 duabus'rebus
1353 1839 1381 1882 α

287 1907 488 1986 praecipuam
508 1906 594 1972 illius
615 1902 800 1992 potestatem
820 1906 890 1975 elie.
935 1909 1027 1975 Vnde
1049 1909 1127 1971 etin
1146 1908 1228 1973 Dial.
1250 1909 1305 1992 de

288 2008 372 2053 corr.
392 1990 454 2054 Elo
476 2037 484 2054 .
506 1993 581 2074 Cap.
604 2009 634 2076 5.
653 1997 819 2081 eloquentia
838 1993 938 2056 virilis
959 2003 991 2055 et
1012 1993 1153 2073 oratoria
1184 1993 1292 2065 distin·

288 2078 397 2156 guitur
417 2096 433 2136 a
445 2010 600 2160 lucendio
620 2083 843 2158 recentiorum,
865 2098 945 2161 quos
965 2079 1049 2141 idem
1069 2075 1193 2144 nudor
1214 2079 1291 2160 Cap.

292 2177 320 2223 1.
341 2163 418 2224 dicit
436 2163 613 2248 confiditur,
636 2161 669 2228 et
687 2168 855 2231 adnotatos
876 2175 909 2225 et
926 2175 1094 2246 patronos,
1112 2171 1146 2225 et
1165 2158 1292 2246 quiduis
1333 2183 1335 2191 ’
1388 2193 1394 2219 i
1461 2210 1463 2221 .

286 2248 396 2328 potius
416 2266 505 2329 quam
528 2258 669 2334 oratores
690 2254 814 2314 vocari:
834 2253 872 2314 ad
892 2268 986 2334 quern
1003 2249 1111 2313 locum
1130 2237 1192 2312 vid.
1213 2252 1292 2332 quae

287 2329 382 2396 dotte
403 2335 576 2415 disputauit
604 2334 670 2400 Cel.
700 2334 881 2402 Schuleius.
944 2328 1130 2415 llli'nempe
1155 2330 1224 2396 sunt
1244 2333 1291 2398 dt·-
1324 2411 1329 2417 ,
1388 2388 1390 2395 .

277 2413 373 2501 fieti.
396 2437 475 2501 quos
498 2432 531 2483 et
558 2419 678 2505 Cicero
699 2426 739 2485 de
762 2423 818 2488 Or.
845 2442 871 2496 t,
894 2433 946 2485 at.
966 2419 1004 2482 ab
1021 2419 1225 2503 'eloquentibus
1244 2418 1291 2480 di·

287 2500 403 2566 stinxit.
423 2505 473 2568 cf.
501 2505 574 2590 Cap.
604 2523 653 2585 23.
690 2508 742 2571 vbi
776 2507 1005 2573 Graeculorum
1035 2504 1221 2594 loquacitas,
1242 2510 1292 2568 ‘et

286 2590 435 2655 cantilena
456 2588 631 2656 scholastica
652 2594 762 2658 itidem
784 2592 983 2678 eloquentiae
1006 2591 1188 2672 opponitur.
1231 2590 1291 2653 lta·
1328 2622 1331 2629 .

283 2692 345 2823 que
372 2673 434 2740 huc
459 2679 554 2741 etiam
582 2680 751 2760 pertinebit
777 2679 904 2745 venuste
923 2676 1001 2750 illud
1029 2674 1147 2741 diibrm
1167 2698 1185 2741 a
1206 2675 1291 2741 Iulio

309 2762 442 2835 andido,
461 2766 545 2844 quod
569 2766 689 2829 Plinius
710 2766 776 2830 Lib.
804 2785 832 2846 5.
862 2763 948 2849 epist.
974 2761 1174 2827 20.''laudat:
1203 2760 1310 2825 aliud'
1365 2806 1370 2823 .

284 2844 345 2908 elie
375 2847 587 2930 eloquentiam,
615 2849 699 2913 aliud
724 2852 915 2933 loquentiam.
957 2850 1000 2913 Et
1027 2848 1186 2911 Ammian.
1208 2848 1290 2909 illar-

284 2932 356 2995 cell.
386 2932 451 2994 Lib.
486 2946 535 3009 30,
565 2950 595 3010 4.
625 2935 658 2995 in
687 2955 727 2998 eo
755 2937 845 3006 locu,
874 2935 944 3003 vbi,
972 2942 1122 3013 quantum
1149 2930 1292 2997 aveteri
1307 2930 1325 3004 ,’

284 3017 440 3101 grauitate
465 3024 627 3088 oratorum
650 3016 844 3082 Graecorum
866 3026 899 3079 et
920 3018 1113 3086 Latinorum,
1132 3015 1293 3077 recentio-

282 3107 339 3165 'res
355 3102 478 3163 dicendi
494 3102 682 3183 professores
699 3102 901 3175 desciuerint,
915 3100 1052 3166 ostendit
1073 3100 1212 3180 „horum
1223 3150 1226 3161 .
1236 3099 1294 3163 ob·

286 3187 472 3260 imatione,
501 3189 617 3271 inquit,
638 3191 834 3273 eloquentiam
860 3188 964 3263 inania
983 3186 1133 3267 quaedam
1153 3186 1295 3247 imitatur

280 3272 412 3359 fluentia
425 3273 549 3337 dicendi.
559 3272 578 3309 “
609 3274 662 3339 Sic
675 3289 707 3336 et
719 3276 784 3351 Cic.
798 3277 883 3337 Brut.
899 3283 950 3351 47.
966 3284 1032 3335 non
1044 3268 1146 3333 solum
1161 3269 1295 3350 dicenter
1367 3330 1380 3349 ,
1500 3271 1501 3278 ’

289 3360 326 3422 ab
341 3360 534 3431 oratoribus,
555 3358 604 3422 sed
618 3370 652 3423 et
664 3359 828 3443 eloquentes
842 3354 1164 3444 asidnlis'distingult.
1187 3354 1293 3419 Scili-

288 3429 440 3508 cet'illos
468 3453 576 3508 natura
605 3447 836 3529 et'ingenium.
870 3445 930 3508 bos
953 3441 1085 3505 studium
1104 3448 1137 3503 et
1153 3441 1291 3504 imitatio
1325 3494 1326 3498 ,

288 3542 432 3594 oratores
459 3530 586 3595 fecerat.
624 3531 665 3594 cs.
695 3550 773 3615 quae
800 3526 882 3594 ditia
906 3527 1047 3596 suntad
1072 3543 1142 3591 voc.
1170 3534 1294 3590 orator.

289 3616 432 3680 Omnino
460 3627 581 3691 autem,
626 3628 749 3699 praeter
779 3615 944 3680 Ciceronis
961 3611 1068 3676 'Orat‘
1085 3612 1160 3695 Cap.
1185 3629 1213 3690 5.
1246 3610 1293 3673 le·
1325 3673 1327 3679 .

288 3704 426 3785 gendum
446 3702 490 3765 est
509 3702 697 3779 Quintiliani
716 3706 754 3766 ad
773 3702 842 3765 Lib.
866 3708 897 3777 8.
917 3699 1136 3780 prooemium,
1159 3698 1190 3758 in
1214 3715 1291 3779 qun,

290 3800 324 3850 et
343 3788 504 3868 quomodo
535 3786 638 3854 diserti
660 3781 939 3870 ab'eloquentibus
953 3782 1123 3871 differant,
1160 3792 1193 3844 et
1221 3782 1292 3863 qui·

288 3871 347 3935 bus
372 3871 487 3935 finibus
514 3871 609 3940 huius
633 3872 825 3938 elocutionis
853 3869 989 3954 studium
1015 3868 1227 3931 coercendum
1244 3864 1293 3941 tit,

289 3959 421 4040 egregie
446 3959 551 4021 docet.-
602 3958 743 4027 Velleius
771 3967 873 4021 autem
903 3952 970 4017 Lib.
1008 3970 1033 4025 t,
1055 3958 1085 4029 8.
1108 3970 1207 4037 'opera
1235 3951 1293 4013 en·

290 4045 427 4125 quentiae
445 4041 552 4108 dixill‘e
572 4045 696 4109 videtur
716 4046 756 4107 de
778 4035 1067 4119 omnibus-scriptis
1088 4037 1200 4110 editis,
1228 4033 1293 4103 siut

288 4129 329 4189 ad
349 4127 474 4210 poesin,
493 4128 555 4194 liue
575 4128 822 4213 philosophiam,
842 4126 907 4191 'siue
928 4122 1114 4216 historiam,
1126 4121 1189 4208 fiue
1208 4120 1292 4184 Rhe-

289 4220 394 4277 torum
423 4213 526 4278 causas
559 4219 821 4299 pertinerentsv.
848 4213 995 4277 Gronou.
1020 4205 1198 4273 Obseruatt.
1221 4205 1292 4271 Lib.

290 4307 324 4373 θ’,
342 4311 392 4377 23.
415 4320 445 4381 p.
465 4320 507 4364 m.
524 4315 595 4379 312.
627 4301 775 4365 Ceterum
799 4297 933 4371 veteres,
947 4296 1147 4376 eloquentiae
1168 4298 1293 4353 tantum
1370 4326 1372 4330 ·

290 4382 445 4480 tribuisse,
472 4394 507 4449 vt
526 4387 566 4450 ad
589 4391 659 4451 eam
686 4385 862 4535 reserrenltp
889 4377 1035 4466 quitquid
1055 4380 1090 4443 in
1112 4379 1305 4526 aliquongpg'

871 4485 899 4534 -2
