3534 5375
390 606 479 677 ‘290
708 559 712 568 ¹
831 582 856 667 Β
900 583 933 649 Β
961 576 1008 649 ’ἶ

414 762 545 842 scribat,
585 762 620 822 vt
640 774 709 821 eam
727 754 790 818 vel.
806 756 841 818 in
860 754 925 821 sola
947 754 1117 820 notionum
1139 753 1341 839 idearumque
1358 754 1423 822 lno-

415 847 532 913 nestnte
560 854 674 928 ponat,
717 841 768 905 vel
798 844 866 904 eius
889 839 1015 905 ‘sensum
1047 841 1122 906 solis
1153 841 1257 907 oculis
1280 841 1424 909 tribuat?

416 934 497 1003 Nam
529 941 563 994 rt
591 930 738 994 colorum
764 929 947 1013 pulcritudo
975 927 1142 991 oculorum
1166 949 1232 1010 ope
1250 929 1425 1006 iudicatur,

343 1046 346 1053 ·
416 1022 461 1089 iu
481 1016 648 1081 verborum
672 1013 783 1097 aliqua,
801 1013 1000 1096 pulcritudo,
1038 1014 1102 1077 hoc
1129 1013 1190 1090 est,
1239 1012 1365 1078 suauior
1390 1026 1425 1078 et

418 1103 605 1170 concinnior
620 1099 727 1167 forma
744 1101 884 1182 bogitari
905 1099 1023 1182 potest,
1037 1168 1042 1173 ,
1057 1118 1135 1183 quae
1156 1100 1278 1168 aurium
1300 1101 1423 1165 iudicio

295 1201 299 1215 '
416 1188 621 1276 ponderanda
647 1183 692 1249 lit
756 1187 846 1264 Quae
873 1196 980 1248 autem
1001 1204 1091 1248 aures
1114 1183 1248 1249 suauiter
1270 1183 1425 1266 afficiunt,
1467 1238 1476 1263 ,

310 1304 315 1325 ·
413 1276 526 1360 ¹quidni
546 1273 624 1337 haec
643 1288 768 1354 quoque
786 1269 895 1354 pulcra
916 1271 1143 1335 nominemus?
1171 1273 1275 1349 Quid,
1297 1271 1424 1356 quaeso,

309 1434 317 1446 ,
416 1361 475 1443 fibi
494 1360 666 1437 voluerunt
683 1357 826 1435 Cicero,¹
852 1357 1087 1436 Quintilianus,
1126 1357 1241 1439 aliique
1268 1356 1351 1422 liene
1377 1360 1425 1426 di·
1470 1370 1475 1385 ”

411 1448 513 1515 ὀευᾱὶ
540 1442 697 1527 magistri,
738 1461 810 1505 curn
833 1444 872 1507 ad
901 1441 1083 1506 suauitatem
1105 1440 1355 1527 elegantiamque
1377 1445 1425 1508 di·

419 1534 514 1597 cendi
532 1531 595 1594 hoc
616 1528 761 1612 inprimis
780 1530 992 1611 requirerent,
1018 1537 1053 1592 vt
1074 1529 1166 1591 verba
1188 1528 1304 1610 prisca,
1331 1528 1424 1595 obso-

421 1620 501 1693 lem,
528 1614 669 1688 inusitata
692 1616 880 1692 vitarentur,
913 1633 1034 1697 proque
1064 1615 1113 1678 his
1140 1611 1240 1691 leste,
1281 1614 1423 1690 illustria,

355 1770 358 1777 ,
417 1707 534 1789 plena,
561 1699 701 1765 sonantia
725 1698 1010 1765 commendarent?
1046 1704 1100 1767 An
1123 1703 1156 1765 iu
1175 1700 1280 1765 verbis
1302 1699 1424 1783 priscis,

422 1799 456 1855 et
474 1787 625 1853 obsoletis
646 1804 712 1850 non
731 1785 834 1868 potest
854 1784 915 1849 esse
936 1782 1179 1869 notio'pulcra?
1228 1804 1337 1850 nonne
1356 1784 1425 1851 sen·

422 1877 523 1939 tentia
545 1866 769 1944 honestissima,
806 1870 1012 1954 pulcerrima,
1048 1869 1263 1953 sapientillima
1289 1874 1426 1954 exprimi

297 1993 301 1999 ·
423 1959 527 2045 potest
546 1957 652 2021 verbis
680 1957 723 2019 ita
752 1955 885 2030 hiulcis,
912 1955 1047 2040 asperis,
1074 1956 1249 2032 salebrosis,
1271 1965 1306 2021 vt
1325 1957 1360 2022 in
1383 1961 1425 2024 iis

289 2098 326 2122 ¹.
364 2077 366 2080 >
424 2055 460 2110 et
479 2045 589 2125 lingua
611 2041 742 2118 moleste
764 2041 905 2117 laboret,
930 2053 962 2105 et
982 2062 1073 2108 aures
1103 2041 1352 2109 iniucundillime
1378 2064 1426 2107 ra-

424 2120 563 2201 dantur?
581 2127 856 2206 Quemadmodum
877 2130 964 2191 enim
985 2127 1147 2220 in‘priscis
1171 2132 1248 2193 artis
1275 2131 1427 2214 operibus

421 2218 569 2281 videmus
589 2214 632 2276 ita
653 2222 869 2296 comparatum
889 2211 959 2290 esse,
979 2225 1029 2288 vt,
1050 2234 1114 2299 quo
1135 2234 1273 2299 quaeque
1293 2215 1427 2299 propius

410 2303 465 2367 ab
487 2302 562 2369 artis
582 2299 683 2363 veluti
701 2299 900 2363 incarnabulis
926 2296 1038 2374 absint,
1073 2321 1114 2364 eo
1144 2303 1272 2365 rudiora
1289 2311 1323 2365 et
1342 2302 1426 2385 aspe-

425 2390 511 2453 riora
536 2387 703 2468 minusque
729 2387 768 2447 ad
795 2383 914 2448 sensum
941 2387 1161 2468 pulcritudinis
1194 2395 1266 2470 apte
1291 2385 1375 2454 taeta
1395 2396 1428 2451 et

426 2466 589 2538 coloribus
612 2480 645 2532 et
665 2470 778 2536 formis
797 2473 1010 2552 reperiantur,
1030 2491 1110 2556 quae
1136 2472 1257 2555 postea,
1285 2483 1359 2538 cum
1380 2493 1426 2537 ra·

315 2616 319 2623 .
425 2563 492 2634 tio,
534 2566 567 2620 et
597 2556 731 2620 studium
766 2564 799 2617 et
833 2557 1018 2622 exercitatio
1051 2556 1169 2622 sensum
1205 2559 1427 2640 pulcritudinis

425 2641 553 2710 acuisset
573 2651 607 2705 et
632 2639 839 2717 emendasset,
868 2642 1037 2725 politiora,
1070 2644 1261 2719 venustiora,
1297 2654 1332 2709 et
1351 2646 1428 2731 ¹pul-

308 2787 310 2791 ,
426 2731 530 2798 criora
558 2728 718 2792 mensurae
751 2729 983 2806 concinnitate,
1021 2731 1142 2811 forma,
1180 2732 1343 2816 coloribus
1365 2742 1427 2800 etc.

381 2842 383 2848 ·
408 2818 629 2894 exsternata}
644 2816 687 2877 ita
708 2814 741 2877 iu
760 2814 908 2879 omnibus
925 2815 993 2878 sere
1011 2816 1131 2901 linguis
1151 2821 1260 2884 eadem
1281 2817 1361 2882 haec
1380 2837 1427 2883 ra·

424 2905 473 2968 tio
496 2903 575 2974 suit,
603 2908 652 2971 vt,
676 2903 729 2984 qui
749 2899 913 2983 prisciset
937 2901 1064 2967 rudibus
1084 2903 1230 2978 saeculis,
1257 2902 1311 2966 vel
1332 2905 1427 2969 verba

425 2988 597 3065 nonnulla,
626 2987 676 3049 vel
710 3005 823 3051 eorum
852 2985 1017 3052 strudiuras
1046 2997 1079 3053 et
1097 2988 1363 3072 compositiones,
1382 2990 1424 3054 as·

286 3144 296 3158 ⁸
408 3078 550 3159 petius,
583 3071 734 3158 hiulcius,
770 3072 962 3156 vastiusque,
994 3093 1086 3158 quam
1119 3077 1240 3140 aurium
1266 3075 1427 3161 elegantia

424 3161 509 3232 ferre
535 3157 652 3242 pulset,
693 3157 1112 3236 fistasanimadu'erterent,
1152 3183 1204 3225 eas
1232 3172 1300 3226 tum
1321 3162 1425 3229 literis

422 3246 600 3322 mutandis,
618 3246 881 3325 transponendis,
912 3246 1122 3323 inculcandis,
1151 3248 1336 3322 mouendis,
1357 3257 1427 3314 tum
1535 3247 1538 3253 “

405 3335 537 3400 ordine
562 3330 743 3395 instruendo
771 3332 1027 3404 emendauerint‚
1061 3354 1096 3397 ac
1118 3333 1214 3398 veluti
1234 3334 1426 3415 laeuigarint

347 3465 349 3470 -
408 3431 457 3482 et
477 3416 699 3499 expoliuerint
742 3417 780 3480 Iu
799 3416 848 3477 his
865 3435 946 3499 ergo
965 3418 1058 3480 rebus
1080 3420 1260 3503 pulcritudo
1273 3419 1334 3482 illa
1354 3439 1424 3494 cer-

406 3505 522 3578 nitur,
541 3520 619 3584 quae
641 3502 673 3563 in
695 3498 823 3582 lingulis
842 3519 967 3584 quoque
996 3504 1099 3568 verbis
1127 3516 1161 3568 et
1181 3504 1293 3570 formis
1315 3506 1424 3580 dicen·

421 3590 472 3664 di,
490 3595 612 3652 remota
631 3605 736 3649 rerum
758 3586 987 3670 notionumque
1005 3589 1236 3671 pulcritudine,
1255 3590 1347 3655 cuius
1368 3587 1424 3656 ne·
1457 3597 1465 3604 '

421 3673 589 3750 celsitatem
606 3680 702 3734 nemo
723 3682 835 3755 negat,
860 3672 968 3736 locum
992 3674 1108 3739 habere
1134 3675 1246 3760 potest.
1290 3678 1423 3753 'Quod-

376 3762 465 3845 ‚u
490 3762 544 3824 illa
599 3759 681 3821 ratio
735 3757 884 3833 valuerit,
950 3778 1042 3843 quam
1100 3761 1278 3827 Schelle'rus
1327 3764 1423 3829 miae
1473 3786 1476 3789 ·
1538 3834 1540 3838 ,

347 3900 349 3907 .
421 3842 569 3922 adamnll‘e
615 3845 754 3918 videtur,
803 3852 835 3905 vt
860 3846 910 3910 ,in
946 3846 1040 3908 verba
1074 3846 1193 3931 lingula
1228 3848 1287 3910 vel·
1312 3846 1421 3915 inach

419 3932 585 3997 sormalem
603 3932 755 4012 quandam
776 3928 1016 4008 pulcritudinem
1034 3935 1149 3997 'cadere
1169 3943 1344 4017 negemus',
1367 3935 1421 4000 ad·
1494 4007 1498 4018 ‚

398 4037 523 4102 'eoque
542 4035 610 4076 enm
634 4023 734 4076 totam
759 4013 975 4102 negligamus,
1005 4015 1345 4101 verendumprosedto
1362 4021 1422 4097 est,

420 4123 478 4176 ne,
511 4110 659 4188 quantum
679 4100 712 4162 id
733 4101 765 4161 in
790 4100 897 4182 lingna
917 4101 1016 4184 aliqua
1034 4102 1103 4168 fieri
1125 4105 1243 4186 potest,
1270 4106 1310 4167 ad
1332 4105 1423 4174 illam
1466 4169 1471 4180 ,

421 4189 495 4250 artis
517 4185 679 4249 infantiam
700 4191 734 4245 et
754 4184 925 4247 barbariem
941 4190 1158 4265 reuoluamur‚
1179 4193 1422 4273 quam'veterus

419 4272 544 4338 dicendi
567 4270 778 4351 scribendique
800 4269 936 4333 artifices
955 4272 1059 4355 paliim
1082 4278 1116 4339 ln
1138 4269 1285 4351 Catonis,
1306 4276 1421 4356 Ennii,

417 4355 552 4435 Naeuii,
574 4353 685 4421 Lucilii
704 4350 899 4441 aliorumque
917 4357 1089 4442 priscorum
1109 4362 1233 4446 scriptis
1250 4368 1459 4511 nqt'atunt,u

433 4453 437 4488 ·'
634 4449 639 4470 ⁸
846 4473 852 4482 ·
1252 4512 1255 4516 ,
1296 4449 1419 4517 audan-
1465 4505 1472 4514 ,
