3534 5375
708 563 1059 700 nantelmo
1151 630 1189 720 Q
1311 639 1389 695 ω

376 873 392 886 ..
452 811 531 890 sed
552 816 737 914 quoniam
759 837 909 902 vereor,
952 835 1020 900 ne,
1060 831 1149 885 oum
1172 805 1222 883 de
1246 809 1387 883 Latini-¹

373 941 463 1014 tatis
484 937 607 1027 studio
630 930 830 1037 tantopere
850 932 1107 1024 alleuerarirn,
1132 932 1307 1009 nonnulli
1324 956 1389 1009 me

373 1063 480 1142 forte
515 1061 692 1166 putidum
723 1057 999 1160 molestumque
1024 1056 1220 1131 hominem
1242 1055 1388 1148 dicant,

376 1195 448 1293 qui
468 1185 565 1265 istud
586 1212 609 1260 a
626 1188 823 1262 Germanis
846 1181 1050 1284 postulem,
1080 1180 1141 1255 vel
1157 1178 1388 1283 exspectem
1484 1284 1487 1290 ‚

375 1312 477 1419 hanc
508 1317 664 1392 omneln
684 1310 868 1386 inuidiam
890 1310 1013 1427 prius,
1062 1330 1177 1426 quam
1200 1306 1248 1380 ad
1275 1308 1389 1383 aliam

376 1438 592 1512 orationem
616 1426 787 1528 transeo,
811 1437 942 1535 paucis
958 1432 1079 1507 verbis
1104 1432 1316 1534 deprecari,
1350 1432 1401 1510 e't'⁴
1525 1457 1527 1461 ’

376 1587 402 1634 a
423 1584 487 1636 me
506 1560 654 1635 amoliri
677 1557 815 1634 debeo.
883 1559 980 1632 Su'nt
1002 1561 1105 1632 enim
1127 1556 1243 1649 hodie
1266 1560 1390 1654 multia·

378 1692 465 1790 qui,
504 1712 593 1761 cum
613 1684 674 1760 vel
695 1682 953 1784 magistrorum
975 1673 1126 1783 inopia,
1154 1684 1226 1761 ,vel
1248 1689 1391 1786 ingenii

377 1813 575 1906 tarditate,
622 1811 682 1887 val
712 1808 852 1883 laboris
882 1805 972 1906 fuga.
1001 1800 1067 1880 ista
1097 1833 1179 1881 non
1201 1808 1272 1886 [int
1301 1809 1391 1888 alla

378 1943 479 2031 euti,
508 1956 663 2023 omnem
676 1936 776 2009 hano
790 1937 999 2009 Latinitatis
1015 1947 1145 2012 curant
1159 1953 1199 2010 et
1215 1934 1393 2011 sollicitis·
1437 1995 1443 2002 .
1512 1950 1518 1967 '

380 2064 522 2152 dinem,
539 2059 567 2136 fi
582 2069 662 2136 non
677 2057 814 2152 rit'lent,
841 2078 970 2134 tamen
986 2061 1190 2162 negligant,
1217 2080 1255 2135 et
1266 2061 1393 2162 superq

378 2191 584 2263 vacaneum
597 2190 599 2195 ’
613 2204 771 2289 putent:
829 2189 988 2288 eiusque
1023 2185 1277 2287 negligentiae
1312 2206 1392 2262 tarn

379 2312 533 2390 vicilllm
550 2319 590 2387 'et
604 2310 687 2386 dari
709 2330 748 2387 et
769 2313 849 2412 peti
865 2316 974 2386 venia
995 2302 1106 2402 solet,
1130 2328 1187 2401 vt,
1215 2312 1281 2413 qui
1298 2309 1393 2390 nihil

379 2445 506 2514 minua
534 2458 649 2538 quarn
674 2455 851 2517 accurate
873 2455 913 2509 et
942 2436 1150 2535 eleganter,
1202 2457 1319 2543 atque
1343 2451 1394 2517 ex
1405 2473 1407 2479 ·
1511 2503 1515 2527 ,

330 2571 333 2575 ’
380 2588 518 2638 norma
537 2564 717 2660 antiqua,
749 2560 867 2638 latine
890 2560 1100 2663 loquuntur
1124 2547 1200 2661 a'ut
1213 2560 1397 2660 lenbunt‘

335 2681 342 2718 ''
382 2684 596 2768 dummodo
618 2685 713 2759 nihil
727 2692 992 2778 committant,
1029 2686 1137 2791 quod
1150 2689 1297 2766 Donati
1311 2692 1394 2794 pla·

382 2819 439 2917 gis
464 2811 629 2915 dignum·
648 2808 710 2902 lit,
758 2837 832 2886 nec
861 2811 1058 2917 doctrinae
1091 2812 1192 2888 lama
1225 2820 1398 2913 careant,

382 2927 459 3016 nec
486 2936 719 3011 deminutam
748 2937 987 3036 dignitatem,
1033 2936 1093 3011 vel
1126 2946 1394 3017 auctoritatem

384 3063 445 3156 yel
459 3060 575 3139 fidem
591 3057 692 3135 suam
707 3059 877 3133 sentiant
937 3058 1015 3133 Sed
1029 3061 1106 3151 his,
1139 3067 1207 3162 qui
1222 3067 1275 3135 ita
1290 3065 1393 3140 beati
1412 3095 1415 3100 ·

307 3164 310 3172 Ι
384 3170 488 3280 lunt,
529 3205 568 3260 et
591 3182 777 3265 eiusmodi
799 3182 908 3259 sensu*
928 3175 1186 3277 delectantur,
1235 3184 1287 3283 (vt
1309 3187 1394 3263 bras

343 3317 349 3339 ”
382 3312 525 3411 tillime
551 3334 615 3385 me
639 3304 853 3410 expediam)
879 3312 1047 3411 ‘primum
1073 3315 1232 3385 omnino
1254 3338 1312 3387 ars
1338 3313 1395 3387 di·¹

385 3438 502 3517 cendi
525 3461 606 3510 non
621 3435 807 3509 scribitur:
848 3435 1007 3525 deinde,
1042 3440 1110 3536 qui
1131 3460 1262 3511 verum
1280 3431 1397 3540 qnae-'⁵
1432 3419 1434 3424 ¹

384 3583 493 3657 runt,
532 3579 573 3636 et
589 3560 792 3635 liberaliter
811 3561 980 3637 iudicare
994 3558 1144 3653 volunt,
1172 3559 1397 3648 alterutrum

386 3685 578 3794 putabunt
600 3664 844 3761 neceffarinnt
873 3682 965 3777 elle,
1011 3701 1051 3758 vt
1074 3704 1140 3757 aut
1163 3694 1317 3763 omnem
1335 3665 1397 3768 la·¹
1474 3719 1479 3729 ’

387 3819 471 3889 tina
492 3810 674 3888 scribendi
704 3810 935 3914 dicendique
968 3808 1282 3886 consuetudinem
1304 3812 1398 3890 abab.

388 3939 555 4029 leamus,
593 3954 677 4027 aut,
713 3918 777 4009 illa
798 3935 958 4024 seinata,
997 3938 1203 4037 patiamur,
1243 3942 1300 4029 vt,
1328 3926 1397 4041 qui¹
1445 4022 1449 4040 ,

387 4063 631 4153 Latinitatis,
667 4061 725 4135 vel
763 4062 1005 4161 eloquentiae
1051 4058 1192 4134 latinae
1232 4058 1398 4142 studium·
1517 4144 1519 4154 ,

389 4187 679 4276 commendant,
713 4184 1015 4287 perfectiffimam
1037 4190 1117 4259 eius
1132 4182 1295 4261 formam
1308 4214 1399 4293 pro·
1450 4172 1455 4192 ¹

388 4303 554 4418 ponant,
595 4301 775 4386 summam
799 4332 919 4385 artem
938 4314 1149 4411 requirant,
1197 4309 1400 4391 mediocri&
1467 4345 1470 4353 ¹

391 4431 745 4520 tatemdamnentt‘
782 4433 981 4546 Quicquid
1003 4438 1106 4517 enim
1120 4433 1401 4533 est,'ve1illnn⁶

394 4570 406 4604 '⁵
915 4558 993 4640 1³5
1036 4597 1041 4602 ·
1260 4563 1401 4650 Cicero
1467 4581 1470 4587 '
